"Count","Tradelist Count","Name","Edition","Condition","Language","Foil","Tags","Last Modified","Collector Number","Alter","Proxy","Purchase Price"
"5","5","Abbey Gargoyles","hml","Near Mint","English","","","2023-03-04 20:23:58.003000","1","False","False",""
"12","12","Abbey Matron","hml","Near Mint","English","","","2023-04-13 07:22:12.257000","2b","False","False",""
"14","14","Abbey Matron","hml","Near Mint","English","","","2023-03-04 20:21:45.817000","2a","False","False",""
"2","2","Abduction","wth","Near Mint","English","","","2023-04-13 07:50:46.110000","30","False","False",""
"1","1","Aberrant","40k","Near Mint","English","","","2023-10-16 11:54:37.510000","86","False","False",""
"1","1","Abhorrent Overlord","ths","Near Mint","English","","","2023-05-24 12:26:29.443000","75","False","True",""
"2","2","Abjure","wth","Near Mint","English","","","2023-04-13 07:50:15.237000","31","False","False",""
"1","1","Abomination","4ed","Near Mint","English","","","2023-03-04 20:58:22.683000","117","False","False",""
"1","1","Abrade","brc","Near Mint","English","","","2023-01-28 15:08:38.020000","111","False","False",""
"2","2","Abu Ja'far","chr","Near Mint","English","","","2023-03-04 20:11:20.717000","1","False","False",""
"1","1","Abundance","40k","Near Mint","English","","","2023-07-28 10:00:19.993000","210","False","False",""
"1","1","Abundance","40k","Near Mint","English","foil","","2023-08-16 08:56:07.523000","210★","False","True",""
"2","2","Abundant Growth","avr","Near Mint","English","","","2023-04-29 13:35:36.077000","167","False","False",""
"1","1","Abyssal Persecutor","ima","Near Mint","English","","","2023-05-24 12:26:35.023000","78","False","True",""
"1","1","Abyssal Specter","5ed","Near Mint","English","","","2023-03-04 21:01:49.937000","139","False","False",""
"1","1","Abyssal Specter","ice","Near Mint","English","","","2023-02-01 11:05:10.320000","113","False","False",""
"1","1","Abzan Banner","ktk","Near Mint","German","","","2023-04-29 13:33:02.853000","215","False","False",""
"1","1","Academy Rector","uds","Near Mint","English","","","2023-10-11 09:33:40.600000","1","False","False",""
"1","1","Academy Rector","uds","Near Mint","English","","","2023-05-24 12:26:40.620000","1","False","True",""
"1","1","Academy Ruins","tsp","Near Mint","English","","","2023-06-17 18:11:24.903000","269","False","True",""
"1","1","Academy Ruins","mma","Near Mint","English","","","2023-06-17 17:00:11.573000","219","False","False",""
"1","1","Acclaimed Contender","moc","Near Mint","English","","","2023-04-10 07:45:23.203000","166","False","False",""
"1","1","Accumulated Knowledge","a25","Near Mint","English","","","2023-04-29 13:41:51.307000","40","False","False",""
"1","1","Acidic Dagger","mir","Near Mint","English","","","2023-03-03 20:05:38.163000","291","False","False",""
"1","1","Acidic Soil","plist","Near Mint","English","","","2023-10-16 11:48:15.500000","916","False","False",""
"1","1","Acolyte of Bahamut","clb","Near Mint","English","foil","","2023-03-11 15:32:53.723000","212","False","False",""
"1","1","Acolyte of Bahamut","clb","Near Mint","English","etched","","2023-10-21 18:19:05.360000","513","False","True",""
"1","1","Act of Treason","m20","Near Mint","English","","","2023-07-03 07:56:01.607000","124","False","False",""
"2","2","Act on Impulse","m15","Near Mint","English","","","2023-07-03 07:53:11.223000","126","False","False",""
"1","1","Act on Impulse","m15","Near Mint","German","","","2023-07-03 07:19:00.007000","126","False","False",""
"5","5","Active Volcano","chr","Near Mint","English","","","2023-02-01 10:32:30.650000","43","False","False",""
"1","1","Ad Nauseam","ala","Near Mint","English","","","2023-10-11 09:33:05.813000","63","False","False",""
"1","1","Ad Nauseam","ala","Near Mint","English","","","2023-04-13 12:38:24.163000","63","False","True",""
"2","2","Adaptive Sporesinger","one","Near Mint","English","","","2023-02-09 10:11:25.143000","157","False","False",""
"2","2","Adarkar Unicorn","ice","Near Mint","English","","","2023-02-01 11:17:31.370000","1","False","False",""
"1","1","Adarkar Wastes","ptc","Near Mint","English","","","2023-10-21 18:32:50.437000","shr351","False","True",""
"2","2","Adarkar Wastes","ice","Near Mint","English","","","2023-01-21 14:10:37.053000","351","False","False",""
"1","1","Adeline, Resplendent Cathar","moc","Near Mint","English","","","2023-04-10 07:45:23.203000","167","False","False",""
"1","1","Adeline, Resplendent Cathar","pmid","Near Mint","English","","","2023-07-06 10:15:19.197000","1p","False","True",""
"1","1","Adriana, Captain of the Guard","c20","Near Mint","English","","","2023-07-26 19:00:41.057000","200","False","False",""
"1","1","Adrix and Nev, Twincasters","c21","Near Mint","English","","","2023-10-11 09:53:08.140000","336","False","False",""
"4","4","Advance Scout","tmp","Near Mint","English","","","2023-04-13 07:20:12.773000","1","False","False",""
"1","1","Adventurous Impulse","j22","Mint","English","","","2023-01-21 13:13:55.757000","627","False","False",""
"1","1","Aerial Boost","mom","Near Mint","English","","","2023-04-29 09:00:14.597000","2","False","False",""
"1","1","Aeronaut Tinkerer","m15","Near Mint","English","","","2023-07-03 07:46:52.150000","43","False","False",""
"1","1","Aesi, Tyrant of Gyre Strait","cmr","Near Mint","English","foil","","2023-06-17 17:08:42.690000","365","False","False",""
"2","2","Aesi, Tyrant of Gyre Strait","cmr","Near Mint","English","foil","","2023-06-17 18:11:43.437000","365","False","True",""
"3","3","Aesthir Glider","all","Near Mint","English","","","2023-04-10 08:07:31.383000","116a","False","False",""
"1","1","Aether Chaser","aer","Near Mint","German","","","2023-07-03 07:34:47.627000","76","False","False",""
"5","5","Aether Spellbomb","mrd","Near Mint","English","","","2023-04-29 13:51:44.377000","141","False","False",""
"2","2","Aether Storm","5ed","Near Mint","English","","","2023-04-13 08:13:01.527000","70","False","False",""
"3","3","Aether Storm","hml","Near Mint","English","","","2023-04-13 07:59:39.417000","21","False","False",""
"1","1","Aetherblade Agent // Gitaxian Mindstinger","mom","Near Mint","English","","","2023-05-11 07:17:25.863000","88","False","False",""
"1","1","Afiya Grove","mir","Near Mint","English","","","2023-04-11 12:33:39.627000","205","False","False",""
"1","1","Afterlife","mir","Near Mint","English","","","2023-03-04 20:50:32.723000","1","False","False",""
"1","1","Aftershock","j22","Mint","English","","","2023-01-21 13:13:55.757000","129","False","False",""
"1","1","Agadeem's Awakening // Agadeem, the Undercrypt","znr","Near Mint","English","","","2023-09-07 14:57:56.273000","90","False","False",""
"1","1","Agadeem's Awakening // Agadeem, the Undercrypt","pznr","Near Mint","English","foil","","2023-09-07 14:57:53.213000","90s","False","True",""
"1","1","Against All Odds","one","Near Mint","English","","","2023-02-09 09:24:21.433000","1","False","False",""
"1","1","Agatha's Soul Cauldron","woe","Near Mint","English","","","2023-10-11 09:25:20.137000","366","False","False",""
"1","1","Aggravated Assault","ons","Near Mint","English","","","2023-04-12 12:18:16.750000","185","False","True",""
"1","1","Aggressive Mining","m15","Near Mint","English","","","2023-05-24 13:06:55.527000","127","False","True",""
"4","4","Agility","mir","Near Mint","English","","","2023-03-04 19:12:16.863000","154","False","False",""
"1","1","Agonizing Memories","wth","Near Mint","English","","","2023-03-04 21:09:36.897000","60","False","False",""
"1","1","Agrus Kos, Eternal Soldier","j22","Mint","English","","","2023-01-21 13:13:55.757000","1","False","False",""
"1","1","Ahn-Crop Invader","war","Near Mint","English","","","2023-07-03 07:57:21.317000","113","False","False",""
"1","1","Ainok Survivalist","c19","Near Mint","English","","","2023-05-24 12:24:47.370000","156","False","False",""
"2","2","Air Elemental","3ed","Near Mint","English","","","2023-03-04 19:32:20.770000","47","False","False",""
"1","1","Akki Ember-Keeper","neo","Near Mint","English","foil","","2023-03-15 21:09:12.563000","130","False","False",""
"1","1","Akki Ronin","neo","Near Mint","English","","","2023-02-15 21:22:16.077000","319","False","False",""
"1","1","Akroan Horse","mb1","Near Mint","English","","","2023-05-24 12:27:04.513000","1541","False","True",""
"1","1","Akroma's Memorial","fut","Near Mint","English","","","2023-10-11 09:37:59.697000","159","False","False",""
"1","1","Akroma's Will","cmr","Near Mint","English","","","2023-08-24 06:42:38.273000","615","False","False",""
"1","1","Akroma's Will","cmr","Near Mint","English","","","2023-04-21 18:44:56.963000","3","False","True",""
"1","1","Alabaster Dragon","wth","Near Mint","English","","","2023-01-22 09:53:06.153000","2","False","False",""
"1","1","Alabaster Host Sanctifier","mom","Near Mint","English","","","2023-04-29 08:58:32.843000","4","False","False",""
"3","3","Alabaster Potion","4ed","Near Mint","English","","","2023-03-04 20:14:10.933000","1","False","False",""
"3","3","Aladdin's Ring","4ed","Good (Lightly Played)","English","","","2023-01-29 08:43:47.643000","292","False","False",""
"1","1","Alandra, Sky Dreamer","j22","Mint","English","","","2023-01-26 07:53:10.627000","9","False","False",""
"2","2","Alarum","mir","Near Mint","English","","","2023-03-04 20:50:16.647000","2","False","False",""
"1","1","Alchemist's Apprentice","avr","Near Mint","English","","","2023-07-03 07:44:34.570000","42","False","False",""
"3","3","Alchemist's Refuge","avr","Near Mint","English","","","2023-10-21 18:36:15.467000","225","False","True",""
"2","2","Aleatory","mir","Near Mint","English","","","2023-02-01 10:29:27.967000","155","False","False",""
"2","2","Ali Baba","4ed","Near Mint","English","","","2023-04-13 09:02:08.003000","175","False","False",""
"13","13","Aliban's Tower","hml","Near Mint","English","","","2023-04-12 21:00:50.020000","61b","False","False",""
"12","12","Aliban's Tower","hml","Near Mint","English","","","2023-04-12 21:01:14.667000","61a","False","False",""
"1","1","All Is Dust","cmm","Near Mint","English","","","2023-07-26 19:03:52.813000","800","False","False",""
"1","1","All Will Be One","one","Near Mint","English","","","2023-10-11 09:46:00.380000","118","False","False",""
"1","1","All Will Be One","pone","Near Mint","English","foil","","2023-10-21 18:59:08.267000","118s","False","True",""
"1","1","Allosaurus Shepherd","2x2","Near Mint","English","","","2023-04-12 12:18:49.260000","132","False","True",""
"1","1","Allosaurus Shepherd","jmp","Near Mint","English","","","2023-06-17 16:46:56.850000","28","False","False",""
"1","1","Alpha Authority","gtc","Near Mint","English","","","2023-05-24 13:07:05.573000","114","False","True",""
"4","4","Alpine Meadow","khm","Near Mint","English","","","2023-02-04 11:07:16.917000","248","False","False",""
"1","1","Aluren","tmp","Near Mint","English","","","2023-08-24 07:01:08.257000","213","False","False",""
"1","1","Ambulatory Edifice","one","Near Mint","English","","","2023-02-04 11:02:35.730000","79","False","False",""
"7","7","Ambush","hml","Near Mint","English","","","2023-04-12 20:58:12.193000","62","False","False",""
"9","9","Ambush Party","hml","Near Mint","English","","","2023-04-12 20:56:14.350000","63b","False","False",""
"9","9","Ambush Party","hml","Near Mint","English","","","2023-04-12 20:56:06.817000","63a","False","False",""
"1","1","Amoeboid Changeling","j22","Mint","English","","","2023-01-21 13:13:55.757000","269","False","False",""
"1","1","Amphin Pathmage","m15","Near Mint","English","","","2023-07-03 07:51:52.520000","45","False","False",""
"1","1","Amrou Kithkin","leg","Near Mint","English","","","2023-01-31 18:49:56.587000","3","False","False",""
"2","2","Amrou Kithkin","4ed","Near Mint","English","","","2023-04-13 08:49:26.757000","2","False","False",""
"5","5","Amulet of Kroog","4ed","Near Mint","English","","","2023-04-10 07:56:44.067000","293","False","False",""
"1","1","Anaba Ancestor","hml","Near Mint","English","","","2023-04-12 20:57:54.780000","65","False","False",""
"7","7","Anaba Bodyguard","hml","Near Mint","English","","","2023-04-12 20:55:38.250000","66b","False","False",""
"11","11","Anaba Bodyguard","hml","Near Mint","English","","","2023-04-12 20:55:32.833000","66a","False","False",""
"18","18","Anaba Shaman","hml","Near Mint","English","","","2023-04-12 20:55:07.313000","67a","False","False",""
"6","6","Anaba Shaman","hml","Near Mint","English","","","2023-04-12 20:55:14.337000","67b","False","False",""
"3","3","Anaba Spirit Crafter","hml","Near Mint","English","","","2023-04-12 20:58:36.757000","68","False","False",""
"1","1","Anafenza, Kin-Tree Spirit","mul","Near Mint","English","","","2023-04-26 19:48:35.133000","1","False","False",""
"2","2","Ancestral Katana","neo","Near Mint","English","","","2023-05-25 05:44:09.720000","1","False","False",""
"2","2","Ancestral Mask","ema","Near Mint","English","","","2023-07-28 10:00:32.490000","157","False","False",""
"1","1","Ancestral Memories","mir","Near Mint","English","","","2023-01-21 07:58:59.383000","52","False","False",""
"1","1","Anchor to Reality","neo","Mint","English","","","2023-01-26 07:12:47.897000","45","False","False",""
"1","1","Ancient Animus","dom","Near Mint","English","","","2023-03-22 13:13:14.310000","154","False","False",""
"1","1","Ancient Copper Dragon","clb","Near Mint","English","","","2023-06-17 17:03:05.287000","161","False","False",""
"3","3","Ancient Copper Dragon","pclb","Near Mint","English","foil","","2023-10-21 17:33:24.183000","161s","False","True",""
"1","1","Ancient Crab","akh","Near Mint","German","","","2023-07-03 07:31:27.413000","40","False","False",""
"1","1","Ancient Den","mb1","Near Mint","English","","","2023-05-24 13:17:38.610000","1652","False","True",""
"1","1","Ancient Greenwarden","pznr","Near Mint","English","","","2023-06-17 18:13:40.027000","178p","False","True",""
"1","1","Ancient Greenwarden","znr","Near Mint","English","","","2023-06-17 16:45:49.500000","178","False","False",""
"1","1","Ancient Imperiosaur","mom","Near Mint","English","","","2023-04-21 15:45:49.797000","368","False","False",""
"2","2","Ancient Silver Dragon","pclb","Near Mint","English","foil","","2023-10-21 17:25:26.460000","56s","False","True",""
"1","1","Ancient Silver Dragon","clb","Near Mint","English","","","2023-06-17 16:40:50.437000","366","False","False",""
"8","8","Ancient Tomb","wc99","Near Mint","English","","","2023-10-21 18:58:52.850000","kb315","False","True",""
"1","1","Ancient Tomb","tmp","Near Mint","English","","","2023-06-17 17:09:27.977000","315","False","False",""
"1","1","Angelic Cub","j22","Mint","English","","","2023-01-26 07:57:06.683000","2","False","False",""
"1","1","Angelic Field Marshal","cmm","Near Mint","English","","","2023-08-10 10:48:30.470000","13","False","False",""
"1","1","Angelic Protector","j22","Mint","English","","","2023-01-21 13:13:55.757000","147","False","False",""
"2","2","Anguished Unmaking","psoi","Near Mint","English","foil","","2023-06-17 18:15:03.880000","242s","False","True",""
"1","1","An-Havva Constable","hml","Near Mint","English","","","2023-03-04 18:39:41.970000","81","False","False",""
"7","7","An-Havva Inn","hml","Near Mint","English","","","2023-03-04 18:37:37.467000","82","False","False",""
"8","8","An-Havva Township","hml","Near Mint","English","","","2023-03-03 19:52:23.430000","111","False","False",""
"1","1","Animate Artifact","4ed","Near Mint","English","","","2023-03-04 19:34:22.163000","60","False","False",""
"1","1","Animate Dead","3ed","Played","English","","","2023-01-21 18:05:25.100000","93","False","False",""
"1","1","Animist's Awakening","ori","Near Mint","English","","","2023-10-16 11:53:11.537000","169","False","False",""
"1","1","Ankh of Mishra","4ed","Near Mint","English","","","2023-10-16 11:47:59.600000","294","False","False",""
"2","2","Annex Sentry","one","Near Mint","English","","","2023-02-09 09:24:30.740000","2","False","False",""
"1","1","Annihilating Glare","one","Near Mint","English","","","2023-02-04 11:26:45.973000","80","False","False",""
"2","2","Anoint","tmp","Near Mint","English","","","2023-04-13 07:19:58.163000","3","False","False",""
"2","2","Anoint with Affliction","one","Near Mint","English","","","2023-02-09 10:00:54.770000","81","False","False",""
"1","1","Anointed Procession","pakh","Near Mint","English","foil","","2023-06-17 18:15:25.073000","2s","False","True",""
"1","1","Anointed Procession","akh","Near Mint","English","","","2023-06-17 16:46:12.603000","2","False","False",""
"1","1","Anvil of Bogardan","vis","Near Mint","English","","","2023-01-21 07:58:59.383000","141","False","False",""
"4","4","An-Zerrin Ruins","hml","Near Mint","English","","","2023-01-26 07:56:03.763000","64","False","False",""
"1","1","Apes of Rath","tmp","Near Mint","English","","","2023-04-11 12:58:44.870000","214","False","False",""
"1","1","Apex Altisaur","c19","Near Mint","English","","","2023-05-24 12:24:47.370000","31","False","False",""
"2","2","Apex Altisaur","c19","Near Mint","English","","","2023-10-21 18:16:41.623000","31","False","True",""
"1","1","Apex Devastator","cmr","Near Mint","English","","","2023-08-24 06:44:18.687000","674","False","False",""
"1","1","Aphetto Runecaster","scg","Near Mint","English","","","2023-07-03 12:30:11.930000","28","False","False",""
"1","1","Apocalypse","tmp","Near Mint","English","","","2023-01-30 09:27:57.263000","162","False","False",""
"1","1","Apocalypse Chime","hml","Near Mint","English","","","2023-04-06 19:21:18.380000","101","False","False",""
"4","4","Apprentice Wizard","4ed","Near Mint","English","","","2023-03-04 19:33:45.867000","61","False","False",""
"1","1","Approach of the Second Sun","akh","Near Mint","English","","","2023-05-24 12:49:10.863000","4","False","True",""
"1","1","Arachnogenesis","c15","Near Mint","English","","","2023-04-12 12:19:05.030000","32","False","True",""
"1","1","Arachnogenesis","cmm","Near Mint","English","","","2023-08-24 06:45:54.683000","647","False","False",""
"1","1","Aragorn, King of Gondor","ltc","Near Mint","English","foil","","2023-06-11 19:48:55.913000","5","False","False",""
"1","1","Arbor Elf","ltc","Near Mint","English","","","2023-06-11 19:48:02.520000","232","False","False",""
"1","1","Arbor Elf","m13","Near Mint","German","","","2023-04-29 13:43:35.393000","160","False","False",""
"1","1","Arborea Pegasus","afr","Near Mint","English","","","2023-08-17 17:28:51.933000","299","False","False",""
"1","1","Arcades Sabboth","chr","Near Mint","English","","","2023-01-21 07:58:59.383000","71","False","False",""
"8","8","Arcane Denial","all","Near Mint","English","","","2023-04-12 19:52:06.607000","22a","False","False",""
"7","7","Arcane Denial","all","Near Mint","English","","","2023-04-12 19:52:38.573000","22b","False","False",""
"1","1","Arcane Sanctum","moc","Near Mint","English","","","2023-04-10 07:45:23.203000","390","False","False",""
"1","1","Arcane Sanctum","c18","Near Mint","English","","","2023-03-18 09:36:05.487000","232","False","False",""
"7","7","Arcane Signet","sld","Near Mint","English","","","2023-10-21 16:50:43.147000","589","False","True",""
"1","1","Arcane Signet","c20","Near Mint","English","","","2023-03-11 14:33:43.380000","237","False","False",""
"1","1","Arcane Signet","moc","Near Mint","English","","","2023-04-10 07:45:23.203000","348","False","False",""
"2","2","Arcane Signet","ltc","Near Mint","English","","","2023-06-11 19:48:02.520000","273","False","False",""
"1","1","Arcane Signet","brc","Near Mint","English","","","2023-01-28 15:08:38.020000","132","False","False",""
"1","1","Archaeomancer's Map","c21","Near Mint","English","","","2023-08-24 06:54:03.707000","339","False","False",""
"1","1","Archangel of Thune","m14","Near Mint","English","","","2023-10-11 09:36:01.547000","5","False","False",""
"1","1","Archivist of Gondor","ltc","Near Mint","English","","","2023-06-11 19:48:55.913000","18","False","False",""
"1","1","Archon of Cruelty","mh2","Near Mint","English","","","2023-10-11 09:23:56.103000","75","False","False",""
"1","1","Arctic Foxes","ice","Near Mint","English","","","2023-03-04 20:26:04.783000","2","False","False",""
"4","4","Arctic Treeline","khm","Near Mint","English","foil","","2023-02-04 11:07:35.763000","249","False","False",""
"1","1","Arcum Dagsson","2xm","Near Mint","English","","","2023-06-17 18:15:59.513000","41","False","True",""
"1","1","Arcum Dagsson","csp","Near Mint","English","","","2023-06-17 17:00:31.963000","27","False","False",""
"1","1","Arcum's Weathervane","ice","Near Mint","English","","","2023-04-10 08:04:59.893000","310","False","False",""
"1","1","Ardent Elementalist","mid","Mint","English","","","2023-01-23 08:11:21.793000","128","False","False",""
"1","1","Ardent Militia","wth","Near Mint","English","","","2023-04-13 07:24:27.503000","5","False","False",""
"4","4","Argothian Enchantress","g03","Near Mint","English","foil","","2023-10-21 18:17:40.447000","2","False","True",""
"1","1","Argothian Enchantress","usg","Near Mint","English","","","2023-06-17 16:56:37.390000","234","False","False",""
"4","4","Argothian Pixies","chr","Near Mint","English","","","2023-04-13 08:45:11.473000","57","False","False",""
"1","1","Arid Mesa","mm3","Near Mint","English","","","2023-06-21 08:06:06.213000","229","False","False",""
"5","5","Arid Mesa","slu","Near Mint","English","","","2023-10-21 18:29:25.583000","4","False","True",""
"1","1","Arixmethes, Slumbering Isle","2xm","Near Mint","English","","","2023-05-24 12:27:28.620000","189","False","True",""
"1","1","Arixmethes, Slumbering Isle","mul","Near Mint","English","","","2023-07-26 19:03:29.420000","32","False","False",""
"1","1","Arlinn, Voice of the Pack","war","Mint","English","","","2023-01-23 08:07:35.257000","150","False","False",""
"1","1","Arlinn, Voice of the Pack","j22","Mint","English","","","2023-01-21 13:13:55.757000","85","False","False",""
"1","1","Armageddon","4ed","Near Mint","English","","","2023-01-26 07:52:49.677000","5","False","False",""
"1","1","Armor of Faith","5ed","Near Mint","English","","","2023-03-04 20:17:48.607000","8","False","False",""
"1","1","Armor of Faith","ice","Near Mint","English","","","2023-04-13 07:23:44.723000","4","False","False",""
"6","6","Armor of Thorns","mir","Near Mint","English","","","2023-04-11 12:30:29.943000","206","False","False",""
"1","1","Armor Sliver","tmp","Near Mint","English","","","2023-04-06 19:22:57.287000","4","False","False",""
"7","7","Armor Thrull","fem","Near Mint","English","","","2023-04-12 20:30:13.353000","33a","False","False",""
"5","5","Armor Thrull","fem","Near Mint","English","","","2023-04-12 20:29:54.103000","33b","False","False",""
"2","2","Armored Scrapgorger","one","Near Mint","English","","","2023-02-09 09:34:17.747000","158","False","False",""
"5","5","Armorer Guildmage","mir","Near Mint","English","","","2023-03-04 19:08:04.997000","156","False","False",""
"2","2","Army Ants","vis","Near Mint","English","","","2023-03-03 19:26:45.910000","126","False","False",""
"4","4","Arnjlot's Ascent","ice","Near Mint","English","","","2023-04-13 07:56:27.343000","57","False","False",""
"1","1","Arrows of Justice","gtc","Near Mint","German","","","2023-07-03 07:28:57.980000","211","False","False",""
"2","2","Artificer Class","clb","Near Mint","English","","","2023-10-21 17:29:29.190000","663","False","True",""
"1","1","Arvad the Cursed","moc","Near Mint","English","","","2023-04-10 07:45:23.203000","317","False","False",""
"1","1","Arwen, Weaver of Hope","ltc","Near Mint","English","","","2023-06-11 19:48:02.520000","35","False","False",""
"1","1","Aryel, Knight of Windgrace","moc","Near Mint","English","","","2023-04-10 07:45:23.203000","318","False","False",""
"1","1","Asceticism","ltc","Near Mint","English","","","2023-06-11 19:48:02.520000","233","False","False",""
"3","3","Asceticism","mb1","Near Mint","English","","","2023-10-21 18:07:43.933000","1125","False","True",""
"1","1","Ash Barrens","brc","Near Mint","English","","","2023-01-28 15:08:38.020000","174","False","False",""
"1","1","Ash Barrens","c19","Near Mint","English","","","2023-05-24 12:24:47.370000","227","False","False",""
"1","1","Ash Barrens","ltc","Near Mint","English","","","2023-06-11 19:48:02.520000","295","False","False",""
"1","1","Ashaya, Soul of the Wild","pznr","Near Mint","English","","","2023-06-17 18:17:31.030000","179p","False","True",""
"1","1","Ashaya, Soul of the Wild","znr","Near Mint","English","","","2023-06-17 16:45:38.910000","179","False","False",""
"1","1","Ashen Ghoul","ice","Near Mint","English","","","2023-04-12 20:34:44.077000","114","False","False",""
"3","3","Ashes to Ashes","4ed","Near Mint","English","","","2023-04-13 09:14:17.413000","119","False","False",""
"1","1","Ashnod the Uncaring","brc","Near Mint","English","foil","","2023-01-28 15:08:38.020000","4","False","False",""
"4","4","Ashnod's Altar","chr","Near Mint","English","","","2023-04-06 19:21:50.143000","92","False","False",""
"1","1","Ashnod's Altar","5ed","Near Mint","English","","","2023-04-06 19:22:03.853000","349","False","False",""
"1","1","Ashnod's Battle Gear","4ed","Near Mint","English","","","2023-04-10 07:55:01.300000","296","False","False",""
"1","1","Ashnod's Cylix","all","Near Mint","English","","","2023-01-21 18:05:39.790000","117","False","False",""
"5","5","Ashnod's Transmogrant","chr","Near Mint","English","","","2023-04-10 07:58:05.440000","93","False","False",""
"1","1","Ashnod's Transmogrant","5ed","Near Mint","English","","","2023-04-10 07:53:54.260000","350","False","False",""
"1","1","Asmira, Holy Avenger","mir","Near Mint","English","","","2023-01-21 07:58:59.383000","256","False","False",""
"1","1","Asmodeus the Archfiend","afr","Near Mint","English","","","2023-05-24 12:27:42.523000","88","False","True",""
"1","1","Aspect of Wolf","3ed","Played","English","","","2023-01-21 17:53:51.683000","186","False","False",""
"1","1","Aspect of Wolf","4ed","Near Mint","English","","","2023-02-01 10:45:06.627000","233","False","False",""
"1","1","Aspirant's Ascent","one","Near Mint","English","","","2023-02-09 09:55:44.967000","40","False","False",""
"1","1","Assassin's Ink","neo","Near Mint","English","","","2023-05-25 05:45:28.803000","87","False","False",""
"3","3","Assassin's Trophy","pgrn","Near Mint","English","","","2023-06-17 18:17:54.820000","152p","False","True",""
"1","1","Assassin's Trophy","sld","Near Mint","English","","","2023-10-21 14:05:04.850000","139","False","True",""
"1","1","Assassin's Trophy","grn","Near Mint","English","","","2023-08-24 06:45:10.953000","152","False","False",""
"1","1","Assault Griffin","gtc","Near Mint","English","","","2023-07-03 07:50:27.790000","4","False","False",""
"1","1","Assimilate Essence","mom","Near Mint","German","","","2023-04-29 09:05:33.933000","47","False","False",""
"2","2","Astral Dragon","clb","Near Mint","English","","","2023-10-21 17:28:52.453000","664","False","True",""
"2","2","Astrolabe","all","Near Mint","English","","","2023-04-10 08:09:07.817000","118b","False","False",""
"6","6","Astrolabe","all","Near Mint","English","","","2023-04-10 08:08:49.223000","118a","False","False",""
"1","1","Atarka, World Render","scd","Near Mint","English","etched","","2023-03-11 15:30:56.487000","1","False","False",""
"1","1","Atarka, World Render","pfrf","Near Mint","English","","","2023-10-21 14:01:05.380000","149p","False","True",""
"1","1","Atmosphere Surgeon","one","Near Mint","English","","","2023-02-09 09:26:14.350000","41","False","False",""
"1","1","Atog","mrd","Near Mint","English","","","2023-07-03 07:41:16.767000","86","False","False",""
"1","1","Atog","3ed","Near Mint","English","","","2023-03-04 18:49:46.387000","139","False","False",""
"1","1","Atraxa, Grand Unifier","one","Mint","English","","","2023-02-09 06:42:37.353000","196","False","False",""
"1","1","Atraxa, Praetors' Voice","mul","Near Mint","English","","","2023-04-12 16:51:59.357000","33","False","True",""
"1","1","Atraxa, Praetors' Voice","2xm","Near Mint","English","","","2023-08-24 06:59:06.500000","190","False","False",""
"2","2","Atraxa's Fall","mom","Near Mint","English","","","2023-05-11 07:16:16.917000","176","False","False",""
"1","1","Atraxa's Skitterfang","one","Near Mint","English","","","2023-02-04 11:06:27.507000","223","False","False",""
"2","2","Attentive Skywarden","mom","Near Mint","English","","","2023-07-21 20:48:25.780000","7","False","False",""
"1","1","Audacious Reshapers","brc","Near Mint","English","","","2023-01-28 15:08:38.020000","112","False","False",""
"1","1","Audacity","bro","Near Mint","English","","","2023-03-22 13:11:17.320000","169","False","False",""
"1","1","Augur of Autumn","mid","Near Mint","English","","","2023-03-08 10:43:21.210000","168","False","False",""
"3","3","Augur of Autumn","dbl","Near Mint","English","","","2023-07-09 09:48:25.113000","168","False","True",""
"1","1","Augur of Bolas","war","Near Mint","English","","","2023-04-29 13:40:27.337000","41","False","False",""
"1","1","Auntie Blyte, Bad Influence","j22","Mint","English","","","2023-01-21 13:13:55.757000","30","False","False",""
"1","1","Aura Shards","plist","Near Mint","English","","","2023-05-24 13:07:23.067000","437","False","True",""
"1","1","Aurochs","ice","Near Mint","English","","","2023-02-01 11:29:53.673000","225","False","False",""
"1","1","Austere Command","ima","Near Mint","English","","","2023-06-17 18:18:59.483000","10","False","True",""
"1","1","Automated Artificer","neo","Near Mint","English","","","2023-02-22 20:08:46.993000","239","False","False",""
"1","1","Autumn Willow","hml","Near Mint","English","","","2023-01-21 07:58:59.383000","83","False","False",""
"1","1","Autumn's Veil","m12","Near Mint","German","","","2023-04-29 13:44:15.703000","164","False","False",""
"1","1","Avacyn, Angel of Hope","2xm","Near Mint","English","","","2023-08-24 06:44:52.283000","8","False","False",""
"1","1","Avacyn, Angel of Hope","v15","Near Mint","English","foil","","2023-04-12 13:05:45.810000","5","False","True",""
"1","1","Avacyn's Pilgrim","isd","Near Mint","English","","","2023-05-24 12:27:54.037000","170","False","True",""
"3","3","Avenger of Zendikar","wwk","Near Mint","English","","","2023-09-26 15:32:06.770000","96","False","True",""
"1","1","Avenger of Zendikar","c13","Near Mint","English","","","2023-06-17 16:57:19.303000","135","False","False",""
"1","1","Awaken the Sleeper","one","Near Mint","English","","","2023-02-09 09:32:38.003000","119","False","False",""
"1","1","Awaken the Woods","bro","Near Mint","English","","","2023-06-17 16:38:07.817000","344","False","False",""
"2","2","Awaken the Woods","bro","Near Mint","English","","","2023-09-26 15:38:41.553000","170","False","True",""
"3","3","Awesome Presence","all","Near Mint","English","","","2023-04-12 19:59:22.877000","23b","False","False",""
"7","7","Awesome Presence","all","Near Mint","English","","","2023-04-12 19:59:10.607000","23a","False","False",""
"2","2","Axiom Engraver","one","Near Mint","English","","","2023-02-09 10:04:37.450000","120","False","False",""
"1","1","Ayesha Tanaka","chr","Near Mint","English","","","2023-01-29 08:33:14.930000","73","False","False",""
"3","3","Aysen Abbey","hml","Near Mint","English","","","2023-03-03 19:50:28.973000","112","False","False",""
"13","13","Aysen Bureaucrats","hml","Near Mint","English","","","2023-03-04 20:20:09.193000","3a","False","False",""
"10","10","Aysen Bureaucrats","hml","Near Mint","English","","","2023-03-04 20:20:19.543000","3b","False","False",""
"1","1","Aysen Crusader","hml","Near Mint","English","","","2023-03-04 20:23:16.470000","4","False","False",""
"1","1","Aysen Highway","hml","Near Mint","English","","","2023-03-04 20:23:05.477000","5","False","False",""
"4","4","Azimaet Drake","mir","Near Mint","English","","","2023-04-12 19:38:33.150000","53","False","False",""
"1","1","Azorius Chancery","c13","Near Mint","English","","","2023-01-31 18:59:16.367000","274","False","False",""
"1","1","Azorius Signet","nec","Near Mint","English","","","2023-03-11 15:35:46.313000","145","False","False",""
"1","1","Azure Drake","chr","Near Mint","English","","","2023-04-13 08:38:18.243000","15","False","False",""
"1","1","Azure Fleet Admiral","cmr","Near Mint","English","","","2023-07-03 12:32:46.533000","58","False","False",""
"1","1","Azusa, Lost but Seeking","a25","Near Mint","English","","","2023-06-17 16:56:16.737000","161","False","False",""
"1","1","Azusa, Lost but Seeking","sld","Near Mint","English","foil","","2023-06-17 18:19:50.063000","1234","False","True",""
"1","1","Backfire","4ed","Near Mint","English","","","2023-04-13 09:06:52.843000","62","False","False",""
"1","1","Backstreet Bruiser","snc","Near Mint","English","","","2023-08-18 21:12:45.783000","35","False","False",""
"1","1","Bad Moon","4ed","Near Mint","English","","","2023-01-21 18:04:20.487000","120","False","False",""
"3","3","Bad River","mir","Near Mint","English","","","2023-01-21 14:24:09.777000","324","False","False",""
"1","1","Badlands","3ed","Near Mint","English","","","2023-10-11 09:24:53.670000","282","False","False",""
"1","1","Badlands","3ed","Heavily Played","English","","","2023-01-21 14:02:06.550000","282","False","False",""
"4","4","Badlands","cei","Near Mint","English","","","2023-10-21 18:41:34.650000","278","False","True",""
"6","6","Baki's Curse","hml","Near Mint","English","","","2023-02-01 09:54:11.653000","22","False","False",""
"1","1","Bala Ged Recovery // Bala Ged Sanctuary","znr","Near Mint","English","","","2023-03-21 21:12:18.897000","180","False","True",""
"1","1","Balduvian Barbarians","ice","Near Mint","English","","","2023-03-04 19:21:26.910000","172","False","False",""
"2","2","Balduvian Bears","ice","Near Mint","English","","","2023-03-04 18:13:23.030000","226","False","False",""
"2","2","Balduvian Horde","all","Played","English","","","2023-01-21 18:04:33.040000","65","False","False",""
"1","1","Balduvian Hydra","ice","Good (Lightly Played)","English","","","2023-01-22 09:51:41.210000","173","False","False",""
"2","2","Balduvian Shaman","ice","Near Mint","English","","","2023-03-04 19:58:01.397000","59","False","False",""
"1","1","Balduvian Trading Post","all","Near Mint","English","","","2023-01-28 16:04:11.407000","137","False","False",""
"1","1","Balefire Dragon","isd","Near Mint","English","","","2023-06-17 16:35:40.637000","129","False","False",""
"1","1","Balefire Dragon","puma","Near Mint","English","foil","","2023-06-17 18:20:23.940000","U14","False","True",""
"1","1","Baleful Strix","pca","Near Mint","English","","","2023-05-24 12:28:19.660000","82","False","True",""
"2","2","Ball Lightning","4ed","Near Mint","English","","","2023-01-28 16:04:29.660000","176","False","False",""
"1","1","Bamboo Grove Archer","neo","Near Mint","English","","","2023-02-22 20:09:02.200000","173","False","False",""
"1","1","Band Together","j22","Mint","English","","","2023-01-21 13:13:55.757000","631","False","False",""
"1","1","Bane of Progress","cc1","Near Mint","English","","","2023-05-24 12:28:25.050000","3","False","True",""
"1","1","Bane of the Living","c19","Near Mint","English","","","2023-05-24 12:24:47.370000","104","False","False",""
"1","1","Banishing Light","ltc","Near Mint","English","","","2023-06-11 19:48:55.913000","161","False","False",""
"3","3","Banshee","chr","Near Mint","English","","","2023-04-13 08:35:29.683000","29","False","False",""
"2","2","Barbarian Guides","ice","Near Mint","English","","","2023-02-01 11:47:50.360000","174","False","False",""
"1","1","Barbary Apes","leg","Near Mint","English","","","2023-01-31 18:50:06.273000","176","False","False",""
"3","3","Barbed Batterfist","one","Near Mint","English","","","2023-02-09 10:04:54.797000","121","False","False",""
"1","1","Barbed Foliage","mir","Near Mint","English","","","2023-02-01 10:49:38.213000","207","False","False",""
"1","1","Barbed Sextant","5ed","Near Mint","English","","","2023-04-10 07:53:02.583000","351","False","False",""
"3","3","Barbed Sextant","ice","Near Mint","English","","","2023-03-08 11:38:41.043000","312","False","False",""
"2","2","Barbed-Back Wurm","mir","Near Mint","English","","","2023-03-05 10:26:07.240000","105","False","False",""
"3","3","Barkchannel Pathway // Tidechannel Pathway","slu","Near Mint","English","foil","","2023-10-21 18:36:24.477000","11","False","True",""
"1","1","Baron Sengir","hml","Near Mint","English","","","2023-01-30 09:29:40.953000","41","False","False",""
"1","1","Barrage Ogre","j22","Mint","English","","","2023-01-21 13:13:55.757000","496","False","False",""
"1","1","Barreling Attack","mir","Near Mint","English","","","2023-02-01 10:30:06.347000","157","False","False",""
"1","1","Bartered Cow","eld","Near Mint","English","","","2023-07-03 07:26:33.967000","6","False","False",""
"6","6","Basal Thrull","fem","Near Mint","English","","","2023-04-12 20:29:17.140000","34b","False","False",""
"2","2","Basal Thrull","fem","Near Mint","English","","","2023-04-12 20:29:28.530000","34d","False","False",""
"1","1","Basalt Golem","mir","Near Mint","English","","","2023-03-03 20:04:28.347000","294","False","False",""
"2","2","Basalt Monolith","3ed","Near Mint","English","","","2023-04-06 19:23:33.503000","235","False","False",""
"1","1","Basilica Shepherd","one","Near Mint","English","","","2023-02-04 11:23:00.407000","4","False","False",""
"3","3","Basilica Skullbomb","one","Near Mint","English","","","2023-02-09 10:17:41.080000","224","False","False",""
"1","1","Bastion of Remembrance","iko","Near Mint","English","","","2023-05-24 13:07:33.243000","73","False","True",""
"1","1","Bastion Protector","ltc","Near Mint","English","","","2023-06-11 19:48:55.913000","162","False","False",""
"1","1","Baton of Morale","ice","Near Mint","English","","","2023-04-10 08:05:33.613000","313","False","False",""
"1","1","Battering Ram","5ed","Near Mint","English","","","2023-03-03 20:02:48.537000","353","False","False",""
"5","5","Battering Ram","4ed","Near Mint","English","","","2023-04-10 08:00:26.373000","297","False","False",""
"2","2","Battle Angels of Tyr","pclb","Near Mint","English","foil","","2023-10-21 14:06:51.443000","9s","False","True",""
"1","1","Battle Angels of Tyr","clb","Near Mint","English","","","2023-06-17 16:39:31.230000","9","False","False",""
"2","2","Battle Frenzy","ice","Near Mint","English","","","2023-02-01 11:49:05.727000","175","False","False",""
"1","1","Battlefield Forge","bro","Near Mint","English","","","2023-03-18 09:38:35.733000","257","False","False",""
"1","1","Battlefield Forge","ltc","Near Mint","English","","","2023-06-11 19:48:55.913000","296","False","False",""
"1","1","Battlegrowth","mrd","Near Mint","English","","","2023-07-03 07:42:02.567000","113","False","False",""
"1","1","Battle-Mad Ronin","chk","Near Mint","English","","","2023-07-03 08:01:49.917000","156","False","False",""
"9","9","Bay Falcon","mir","Near Mint","English","","","2023-04-12 19:36:12.947000","54","False","False",""
"2","2","Bayou","30a","Near Mint","English","","","2023-05-24 13:17:56.150000","274","False","True",""
"1","1","Bayou","3ed","Near Mint","English","","","2023-10-11 09:25:40.707000","283","False","False",""
"1","1","Bazaar of Wonders","mir","Near Mint","English","","","2023-01-29 09:02:31.747000","55","False","False",""
"1","1","Beanstalk Giant // Fertile Footsteps","eld","Near Mint","English","","","2023-08-20 09:31:37.983000","149","False","False",""
"1","1","Beanstalk Giant // Fertile Footsteps","plist","Near Mint","English","","","2023-08-20 09:31:54.200000","325","False","True",""
"1","1","Bear Umbra","woc","Near Mint","English","","","2023-10-16 11:51:14.583000","121","False","False",""
"2","2","Bear Umbra","nec","Near Mint","English","","","2023-10-21 18:13:03.857000","113","False","True",""
"1","1","Bearer of Memory","neo","Near Mint","English","","","2023-05-25 05:44:36.983000","174","False","False",""
"1","1","Bearer of Memory","neo","Mint","English","","","2023-01-26 07:12:06.260000","174","False","False",""
"3","3","Beast Walkers","hml","Near Mint","English","","","2023-03-04 20:23:28.847000","6","False","False",""
"3","3","Beast Whisperer","sld","Near Mint","English","","","2023-06-17 19:56:19.917000","1099","False","True",""
"7","7","Beast Within","tsr","Near Mint","English","","","2023-10-21 18:05:55.737000","357","False","True",""
"1","1","Beast Within","onc","Near Mint","English","","","2023-02-17 12:16:23.303000","104","False","False",""
"1","1","Beast Within","ltc","Near Mint","English","","","2023-06-11 19:48:02.520000","234","False","False",""
"5","5","Beasts of Bogardan","chr","Near Mint","English","","","2023-04-13 08:41:21.513000","45","False","False",""
"1","1","Bedevil","brc","Near Mint","English","","","2023-01-28 15:08:38.020000","121","False","False",""
"2","2","Befriending the Moths // Imperial Moth","neo","Near Mint","English","","","2023-03-15 21:08:33.540000","4","False","False",""
"1","1","Beledros Witherbloom","stx","Near Mint","English","","","2023-06-17 18:22:14.680000","163","False","False",""
"1","1","Beledros Witherbloom","pstx","Near Mint","English","","","2023-06-17 18:22:10.210000","163p","False","True",""
"4","4","Benalish Hero","4ed","Near Mint","English","","","2023-04-13 08:50:39.630000","7","False","False",""
"1","1","Benalish Hero","5ed","Near Mint","English","","","2023-04-13 08:05:53.793000","10","False","False",""
"1","1","Benevolent Hydra","j22","Near Mint","English","","","2023-10-21 18:58:39.600000","38","False","True",""
"2","2","Benevolent Hydra","j22","Mint","English","","","2023-01-21 13:16:59.387000","38","False","False",""
"7","7","Benevolent Unicorn","mir","Near Mint","English","","","2023-04-13 07:36:46.330000","4","False","False",""
"1","1","Bennie Bracks, Zoologist","ncc","Near Mint","English","","","2023-10-11 09:52:54.477000","86","False","False",""
"1","1","Benthic Djinn","mir","Near Mint","English","","","2023-01-29 08:35:20.930000","257","False","False",""
"7","7","Benthic Explorers","all","Near Mint","English","","","2023-04-12 20:04:05.553000","24a","False","False",""
"7","7","Benthic Explorers","all","Near Mint","English","","","2023-04-12 20:04:20.193000","24b","False","False",""
"1","1","Beregond of the Guard","ltc","Near Mint","English","","","2023-06-11 19:48:55.913000","9","False","False",""
"1","1","Beseech the Mirror","woe","Near Mint","English","","","2023-10-11 09:24:06.557000","336","False","False",""
"1","1","Bestial Fury","all","Near Mint","English","","","2023-04-12 20:44:20.117000","67a","False","False",""
"5","5","Betrayal","vis","Near Mint","English","","","2023-04-12 19:46:06.937000","26","False","False",""
"1","1","Betrothed of Fire","wth","Near Mint","English","","","2023-03-04 19:23:12.267000","89","False","False",""
"1","1","Big Score","j22","Mint","English","","","2023-01-21 13:13:55.757000","498","False","False",""
"2","2","Binding Agony","mir","Near Mint","English","","","2023-03-05 10:26:40.727000","106","False","False",""
"1","1","Biomass Mutation","c19","Near Mint","English","","","2023-05-24 12:24:47.370000","187","False","False",""
"1","1","Bird Maiden","4ed","Near Mint","English","","","2023-04-13 08:57:25.553000","177","False","False",""
"2","2","Bird Maiden","5ed","Near Mint","English","","","2023-04-13 08:10:34.510000","211","False","False",""
"1","1","Birds of Paradise","4ed","Near Mint","English","","","2023-01-21 07:58:59.383000","234","False","False",""
"6","6","Birds of Paradise","dmr","Near Mint","English","","","2023-10-21 18:06:07.610000","336","False","True",""
"1","1","Birgi, God of Storytelling // Harnfel, Horn of Bounty","khm","Near Mint","English","","","2023-04-12 13:06:30.557000","123","False","True",""
"1","1","Bitterblossom","mor","Near Mint","English","","","2023-06-17 17:00:19.200000","58","False","False",""
"1","1","Bitterblossom","g11","Near Mint","English","foil","","2023-06-17 18:22:33.737000","1","False","True",""
"1","1","Black Carriage","hml","Near Mint","English","","","2023-01-22 09:46:01.290000","42","False","False",""
"2","2","Black Knight","4ed","Near Mint","English","","","2023-03-04 20:58:47.423000","121","False","False",""
"1","1","Black Mana Battery","4ed","Good (Lightly Played)","English","","","2023-01-29 08:42:02.260000","298","False","False",""
"1","1","Black Market Connections","clb","Near Mint","English","","","2023-06-17 18:23:00.277000","620","False","False",""
"3","3","Black Market Connections","hbg","Near Mint","English","","","2023-06-17 18:22:52.840000","145","False","True",""
"1","1","Black Ward","4ed","Near Mint","English","","","2023-03-04 20:15:31.280000","8","False","False",""
"1","1","Blackblade Reforged","dmc","Near Mint","English","","","2023-03-22 13:16:51.063000","178","False","False",""
"1","1","Blade Historian","pstx","Near Mint","English","","","2023-07-10 06:56:43.650000","165p","False","False",""
"1","1","Blade-Blizzard Kitsune","neo","Near Mint","English","","","2023-03-15 21:08:50.637000","5","False","False",""
"2","2","Bladegraft Aspirant","one","Near Mint","English","","","2023-02-09 10:05:08.867000","122","False","False",""
"1","1","Bladehold War-Whip","one","Near Mint","English","","","2023-02-04 11:05:46.463000","197","False","False",""
"1","1","Bladestitched Skaab","mid","Mint","English","","","2023-01-23 08:11:07.487000","212","False","False",""
"1","1","Blanchwood Armor","bro","Near Mint","English","","","2023-03-22 13:11:43.613000","171","False","False",""
"3","3","Blanket of Night","vis","Near Mint","English","","","2023-04-06 19:20:45.560000","52","False","False",""
"1","1","Blasphemous Act","who","Near Mint","English","foil","","2023-10-21 12:12:43.417000","1063","False","True",""
"1","1","Blasphemous Act","brc","Near Mint","English","","","2023-01-28 15:08:38.020000","113","False","False",""
"1","1","Blast Zone","war","Near Mint","English","","","2023-05-24 13:18:03.447000","244","False","True",""
"1","1","Blast-Furnace Hellkite","brc","Near Mint","English","","","2023-01-28 15:08:38.020000","12","False","False",""
"1","1","Blaze","j22","Mint","English","","","2023-01-21 13:13:55.757000","499","False","False",""
"2","2","Blazing Crescendo","one","Near Mint","English","","","2023-02-09 10:05:18.590000","123","False","False",""
"5","5","Blessed Breath","chk","Near Mint","English","","","2023-04-29 13:45:35.543000","1","False","False",""
"1","1","Blessed Hippogriff // Tyr's Blessing","clb","Near Mint","English","","","2023-02-01 16:03:14.233000","11","False","False",""
"1","1","Blight","5ed","Near Mint","English","","","2023-03-04 21:03:30.937000","144","False","False",""
"1","1","Blight Keeper","j22","Mint","English","","","2023-01-21 13:13:55.757000","378","False","False",""
"1","1","Blighted Fen","j22","Mint","English","","","2023-01-21 13:13:55.757000","810","False","False",""
"1","1","Blighted Woodland","c21","Near Mint","English","","","2023-05-24 13:18:12.427000","280","False","True",""
"1","1","Blightsteel Colossus","sld","Near Mint","English","","","2023-04-12 13:06:54.770000","1079","False","True",""
"1","1","Blightsteel Colossus","mbs","Near Mint","English","","","2023-10-11 09:34:49.483000","99","False","False",""
"3","3","Blightstep Pathway // Searstep Pathway","slu","Near Mint","English","foil","","2023-10-21 18:42:15.277000","12","False","True",""
"1","1","Blind Fury","mir","Near Mint","English","","","2023-03-04 19:13:45.627000","158","False","False",""
"1","1","Blinding Flare","jou","Near Mint","German","","","2023-07-03 07:30:10.737000","91","False","False",""
"1","1","Blinding Light","mir","Near Mint","English","","","2023-04-13 07:36:26.487000","5","False","False",""
"1","1","Blinking Spirit","ice","Near Mint","English","","","2023-02-01 11:14:07.020000","8","False","False",""
"5","5","Blistering Barrier","mir","Near Mint","English","","","2023-04-12 20:51:36.697000","159","False","False",""
"1","1","Bloated Contaminator","one","Mint","English","","","2023-02-04 08:45:46.320000","159","False","False",""
"1","1","Blood Artist","sld","Near Mint","English","","","2023-05-24 12:29:03.067000","42","False","True",""
"2","2","Blood Aspirant","j22","Mint","English","","","2023-01-21 15:49:54.133000","501","False","False",""
"4","4","Blood Crypt","sld","Near Mint","English","","","2023-10-21 18:42:07.777000","125","False","True",""
"1","1","Blood Crypt","unf","Near Mint","English","","","2023-06-17 17:19:22.503000","279","False","False",""
"2","2","Blood Lust","4ed","Near Mint","English","","","2023-04-13 08:58:59.437000","178","False","False",""
"1","1","Blood Lust","5ed","Near Mint","English","","","2023-03-04 18:57:27.533000","212","False","False",""
"1","1","Blood Moon","chr","Good (Lightly Played)","English","","","2023-01-21 14:22:45.313000","46","False","False",""
"1","1","Blood of the Martyr","chr","Near Mint","English","","","2023-04-13 08:47:58.510000","4","False","False",""
"3","3","Blood Pet","tmp","Near Mint","English","","","2023-03-05 09:48:40.063000","109","False","False",""
"1","1","Bloodfell Caves","mom","Near Mint","English","","","2023-04-26 19:48:14.733000","267","False","False",""
"1","1","Bloodhaze Wolverine","j22","Mint","English","","","2023-01-21 13:13:55.757000","502","False","False",""
"1","1","Bloodline Keeper // Lord of Lineage","isd","Near Mint","English","","","2023-10-11 09:50:37.877000","90","False","False",""
"1","1","Bloodline Pretender","j22","Mint","English","","","2023-01-21 13:13:55.757000","757","False","False",""
"1","1","Bloodstained Mire","ktk","Near Mint","English","","","2023-06-17 17:17:54.080000","230","False","False",""
"6","6","Bloodstained Mire","g09","Near Mint","English","foil","","2023-10-21 18:41:55.510000","6","False","True",""
"1","1","Bloodthirsty Blade","clb","Near Mint","English","","","2023-05-24 12:59:46.480000","854","False","True",""
"1","1","Bloom Tender","eve","Near Mint","English","","","2023-06-17 16:59:53.687000","66","False","False",""
"2","2","Bloom Tender","mb1","Near Mint","English","","","2023-06-17 18:24:09.770000","1143","False","True",""
"1","1","Blossoming Sands","neo","Near Mint","English","","","2023-05-25 05:45:50.043000","265","False","False",""
"1","1","Blossoming Wreath","wth","Near Mint","English","","","2023-04-11 12:57:38.207000","120","False","False",""
"5","5","Blue Elemental Blast","4ed","Near Mint","English","","","2023-01-29 08:58:41.740000","63","False","False",""
"7","7","Blue Elemental Blast","3ed","Near Mint","English","","","2023-01-29 08:59:00.503000","49","False","False",""
"1","1","Blue Sun's Twilight","one","Near Mint","English","","","2023-10-16 11:49:43.737000","379","False","False",""
"2","2","Blue Ward","4ed","Near Mint","English","","","2023-04-13 08:53:17.003000","10","False","False",""
"1","1","Boar Umbra","uma","Near Mint","English","","","2023-03-22 13:15:09.413000","158","False","False",""
"5","5","Bog Imp","4ed","Near Mint","English","","","2023-04-13 09:11:13.683000","123","False","False",""
"1","1","Bog Imp","5ed","Near Mint","English","","","2023-04-13 08:13:41.633000","145","False","False",""
"1","1","Bog Rats","5ed","Near Mint","English","","","2023-03-04 21:02:02.813000","146","False","False",""
"7","7","Bog Rats","chr","Near Mint","English","","","2023-04-13 08:36:45.600000","30","False","False",""
"3","3","Bog Wraith","4ed","Near Mint","English","","","2023-04-13 09:13:39.010000","124","False","False",""
"1","1","Bogardan Dragonheart","j22","Mint","English","","","2023-01-21 13:13:55.757000","503","False","False",""
"1","1","Bogardan Phoenix","vis","Good (Lightly Played)","English","","","2023-01-21 17:55:22.523000","76","False","False",""
"1","1","Bojuka Bog","clb","Near Mint","English","","","2023-05-24 13:18:20.813000","882","False","True",""
"1","1","Bojuka Bog","moc","Near Mint","English","","","2023-04-10 07:45:23.203000","391","False","False",""
"1","1","Bojuka Bog","c19","Near Mint","English","","","2023-05-24 12:24:47.370000","232","False","False",""
"2","2","Bola Slinger","mom","Near Mint","English","","","2023-09-28 06:15:10.200000","8","False","False",""
"1","1","Bolas's Citadel","plg21","Near Mint","English","foil","","2023-05-24 12:59:51.700000","3","False","True",""
"1","1","Bonded Herdbeast // Plated Kilnbeast","mom","Near Mint","English","","","2023-04-26 19:48:06.970000","178","False","False",""
"1","1","Bone Harvest","mir","Near Mint","English","","","2023-03-05 10:25:27.623000","108","False","False",""
"2","2","Bone Picker","j22","Mint","English","","","2023-01-21 15:50:06.233000","383","False","False",""
"1","1","Bone Sabres","40k","Near Mint","English","","","2023-03-22 13:16:24.587000","88","False","False",""
"1","1","Bone Shaman","ice","Near Mint","English","","","2023-03-04 19:22:07.437000","176","False","False",""
"1","1","Bonepicker Skirge","one","Near Mint","English","","","2023-02-04 11:28:47.250000","290","False","False",""
"1","1","Bonepicker Skirge","one","Near Mint","English","","","2023-02-09 10:00:33.827000","86","False","False",""
"3","3","Book of Rass","chr","Near Mint","English","","","2023-04-10 08:00:10.510000","95","False","False",""
"6","6","Boomerang","mir","Near Mint","English","","","2023-04-12 19:41:47.200000","56","False","False",""
"7","7","Boomerang","chr","Near Mint","English","","","2023-04-13 08:39:29.257000","16","False","False",""
"1","1","Boon of Safety","snc","Near Mint","English","","","2023-10-18 19:30:26.293000","4","False","False",""
"1","1","Boromir, Gondor's Hope","ltc","Near Mint","English","","","2023-06-11 19:48:55.913000","49","False","False",""
"1","1","Boros Garrison","c21","Near Mint","English","","","2023-03-18 09:37:30.147000","282","False","False",""
"1","1","Boros Signet","onc","Near Mint","English","","","2023-03-11 15:33:53.780000","126","False","False",""
"2","2","Borrowing 100,000 Arrows","c13","Near Mint","English","","","2023-08-26 07:52:54.730000","33","False","False",""
"1","1","Boseiju Reaches Skyward // Branch of Boseiju","neo","Mint","English","","","2023-01-26 07:12:37.030000","177","False","False",""
"5","5","Boseiju, Who Endures","neo","Near Mint","English","","","2023-10-21 18:58:26.553000","412","False","True",""
"1","1","Boseiju, Who Endures","neo","Near Mint","English","","","2023-08-18 06:03:58.167000","501","False","False",""
"1","1","Boseiju, Who Shelters All","chk","Near Mint","English","","","2023-10-11 09:35:11.110000","273","False","False",""
"1","1","Botanical Brawler","mom","Near Mint","English","","","2023-07-21 20:47:28.480000","220","False","False",""
"1","1","Botanical Plaza","snc","Near Mint","English","","","2023-10-18 19:29:02.730000","247","False","False",""
"1","1","Botanical Sanctum","kld","Near Mint","English","","","2023-05-24 13:18:38.803000","244","False","True",""
"1","1","Bottomless Vault","fem","Near Mint","English","","","2023-01-29 10:49:08.597000","92","False","False",""
"1","1","Bounding Wolf","j22","Mint","English","","","2023-01-21 13:13:55.757000","633","False","False",""
"1","1","Bountiful Promenade","zne","Near Mint","English","","","2023-06-17 17:05:44.793000","20","False","False",""
"2","2","Bountiful Promenade","pclb","Near Mint","English","foil","","2023-06-17 18:25:51.263000","348s","False","True",""
"1","1","Bounty of the Luxa","c19","Near Mint","English","","","2023-05-24 12:24:47.370000","189","False","False",""
"6","6","Brainstorm","ice","Near Mint","English","","","2023-03-04 19:56:43.157000","61","False","False",""
"1","1","Brainwash","5ed","Near Mint","English","","","2023-04-13 08:06:02.887000","13","False","False",""
"5","5","Brainwash","4ed","Near Mint","English","","","2023-04-13 08:52:48.337000","11","False","False",""
"3","3","Branchblight Stalker","one","Near Mint","English","","","2023-02-09 10:13:45.620000","160","False","False",""
"1","1","Branching Evolution","jmp","Near Mint","English","","","2023-08-24 06:58:56.960000","29","False","False",""
"2","2","Branchloft Pathway // Boulderloft Pathway","slu","Near Mint","English","foil","","2023-06-17 18:26:09.340000","13","False","True",""
"1","1","Brash Taunter","m21","Near Mint","English","","","2023-10-16 11:48:08.100000","133","False","False",""
"1","1","Brassclaw Orcs","5ed","Near Mint","English","","","2023-03-04 18:57:37.450000","213","False","False",""
"2","2","Brassclaw Orcs","fem","Near Mint","English","","","2023-02-01 11:45:58.363000","49a","False","False",""
"4","4","Brass-Talon Chimera","vis","Near Mint","English","","","2023-04-10 08:06:23.230000","142","False","False",""
"1","1","Brave the Sands","cm2","Near Mint","English","","","2023-07-06 10:15:55.887000","19","False","True",""
"1","1","Brave the Sands","ktk","Near Mint","German","","","2023-04-29 13:31:31.710000","5","False","False",""
"1","1","Brazen Borrower // Petty Theft","sld","Near Mint","English","","","2023-10-11 09:54:02.103000","234","False","False",""
"2","2","Brazen Freebooter","j22","Mint","English","","","2023-01-21 15:39:14.753000","506","False","False",""
"1","1","Breathless Knight","mh2","Near Mint","English","foil","","2023-06-18 19:06:49.110000","187","False","False",""
"7","7","Breathstealer","mir","Near Mint","English","","","2023-04-12 20:37:24.643000","109","False","False",""
"1","1","Breathstealer's Crypt","vis","Near Mint","English","","","2023-01-30 09:27:41.347000","127","False","False",""
"1","1","Bred for the Hunt","dgm","Near Mint","English","","","2023-07-03 12:30:52.777000","59","False","False",""
"1","1","Bred for the Hunt","40k","Near Mint","English","foil","","2023-10-21 18:58:19.273000","222★","False","True",""
"3","3","Breeding Pit","fem","Near Mint","English","","","2023-04-12 20:28:01.360000","35","False","False",""
"2","2","Breeding Pool","unf","Near Mint","English","","","2023-06-28 10:09:05.993000","286","False","False",""
"7","7","Breeding Pool","rna","Near Mint","English","","","2023-10-21 18:36:07.470000","246","False","True",""
"7","7","Breezekeeper","vis","Near Mint","English","","","2023-04-12 19:45:15.710000","27","False","False",""
"1","1","Brightmare","j22","Mint","English","","","2023-01-21 13:13:55.757000","159","False","False",""
"1","1","Brilliant Restoration","neo","Near Mint","English","","","2023-05-25 05:45:39.543000","7","False","False",""
"1","1","Brimaz, King of Oreskos","bng","Near Mint","English","","","2023-10-11 09:39:09.253000","5","False","False",""
"1","1","Brimstone Trebuchet","eld","Near Mint","English","","","2023-07-03 07:49:39.270000","116","False","False",""
"2","2","Brine Elemental","tsr","Near Mint","English","","","2023-10-21 17:28:43.427000","55","False","True",""
"1","1","Brine Elemental","tsp","Near Mint","English","","","2023-07-03 12:30:25.300000","50","False","False",""
"1","1","Brine Shaman","ice","Near Mint","English","","","2023-02-01 12:02:14.813000","115","False","False",""
"2","2","Bring the Ending","one","Near Mint","English","","","2023-02-09 09:57:21.040000","44","False","False",""
"2","2","Broken Visage","hml","Near Mint","English","","","2023-03-05 10:01:30.213000","43","False","False",""
"1","1","Brokers Hideout","snc","Near Mint","English","","","2023-02-01 16:10:51.813000","248","False","False",""
"1","1","Brokers Initiate","snc","Near Mint","English","","","2023-02-01 16:08:56.163000","5","False","False",""
"1","1","Brokers Veteran","snc","Near Mint","English","","","2023-02-01 16:09:19.497000","36","False","False",""
"2","2","Bronze Horse","chr","Near Mint","English","","","2023-02-01 09:39:53.823000","96","False","False",""
"1","1","Brood of Cockroaches","vis","Near Mint","English","","","2023-03-05 10:09:49.760000","53","False","False",""
"1","1","Broodlord","40k","Near Mint","English","","","2023-10-16 11:49:14.193000","89","False","False",""
"4","4","Brothers of Fire","4ed","Near Mint","English","","","2023-04-13 08:59:44.053000","179","False","False",""
"1","1","Brown Ouphe","ice","Near Mint","English","","","2023-04-11 12:48:44.397000","228","False","False",""
"7","7","Browse","all","Near Mint","English","","","2023-04-12 19:54:05.560000","25","False","False",""
"1","1","Brudiclad, Telchor Engineer","mul","Near Mint","English","foil","","2023-10-21 12:44:58.817000","166","False","True",""
"1","1","Brudiclad, Telchor Engineer","brc","Near Mint","English","","","2023-01-28 15:08:38.020000","122","False","False",""
"1","1","Brushland","pbro","Near Mint","English","","","2023-07-07 12:24:44.723000","259p","False","True",""
"1","1","Brushland","bro","Near Mint","English","","","2023-01-30 14:47:49.233000","259","False","False",""
"1","1","Brutal Deceiver","chk","Near Mint","English","","","2023-07-03 08:02:29.370000","161","False","False",""
"3","3","Brute Suit","neo","Near Mint","English","","","2023-06-08 06:37:03.327000","241","False","False",""
"1","1","Bubble Matrix","wth","Near Mint","English","","","2023-01-21 07:58:59.383000","146","False","False",""
"8","8","Builder's Bane","mir","Near Mint","English","","","2023-03-04 19:11:00.967000","160","False","False",""
"1","1","Bulette","afr","Near Mint","English","","","2023-08-17 17:28:34.067000","324","False","False",""
"5","5","Bull Elephant","vis","Near Mint","English","","","2023-04-11 12:45:59.737000","101","False","False",""
"1","1","Burgeoning","sld","Near Mint","English","","","2023-06-17 18:26:29.140000","408","False","True",""
"1","1","Buried Alive","wth","Near Mint","English","","","2023-01-30 09:27:11.467000","63","False","False",""
"1","1","Buried Ruin","brc","Near Mint","English","","","2023-01-28 15:08:38.020000","177","False","False",""
"1","1","Burn Bright","rna","Near Mint","English","","","2023-07-03 07:43:49.030000","93","False","False",""
"1","1","Burning Shield Askari","mir","Near Mint","English","","","2023-03-04 19:14:57.340000","162","False","False",""
"3","3","Burnout","all","Near Mint","English","","","2023-07-02 18:24:41.397000","68","False","False",""
"1","1","Burnt Offering","ice","Near Mint","English","","","2023-02-01 12:02:28.330000","116","False","False",""
"2","2","Burr Grafter","chk","Near Mint","English","","","2023-07-03 08:02:52.717000","203","False","False",""
"1","1","Burrowing","3ed","Near Mint","English","","","2023-04-13 08:24:58.797000","140","False","False",""
"1","1","Burrowing","4ed","Near Mint","English","","","2023-04-13 09:00:41.360000","180","False","False",""
"2","2","Cabal Coffers","ltc","Near Mint","English","foil","","2023-09-08 08:34:29.127000","390","False","True",""
"1","1","Cabal Coffers","mh2","Near Mint","English","","","2023-08-24 06:53:53.900000","301","False","False",""
"1","1","Cabal Ritual","tor","Near Mint","English","","","2023-04-12 13:07:15.913000","51","False","True",""
"1","1","Cabal Stronghold","dom","Near Mint","English","","","2023-05-24 13:19:05.577000","238","False","True",""
"1","1","Cabaretti Initiate","snc","Near Mint","English","","","2023-08-18 21:13:25.003000","137","False","False",""
"1","1","Cackling Counterpart","isd","Near Mint","English","","","2023-10-16 19:49:31.940000","46","False","False",""
"1","1","Cacophony Unleashed","cmm","Near Mint","English","","","2023-07-26 19:04:15.907000","730","False","False",""
"4","4","Cadaverous Knight","mir","Near Mint","English","","","2023-03-05 10:20:02.043000","110","False","False",""
"1","1","Cadira, Caller of the Small","clb","Near Mint","English","","","2023-02-01 15:50:53.860000","269","False","False",""
"2","2","Cage of Hands","chk","Near Mint","English","","","2023-07-03 08:04:06.403000","3","False","False",""
"1","1","Calix, Destiny's Hand","thb","Near Mint","English","","","2023-02-03 14:31:33.393000","211","False","False",""
"1","1","Calix, Guided by Fate","mat","Near Mint","English","","","2023-10-11 09:46:23.297000","165","False","False",""
"1","1","Call for Aid","ltc","Near Mint","English","","","2023-06-11 19:48:55.913000","30","False","False",""
"2","2","Call for Aid","ltc","Near Mint","English","","","2023-10-21 17:36:18.327000","113","False","True",""
"2","2","Call to Glory","chk","Near Mint","English","","","2023-07-03 08:04:23.737000","4","False","False",""
"1","1","Callous Deceiver","chk","Near Mint","English","","","2023-07-03 08:00:01.967000","53","False","False",""
"1","1","Callous Dismissal","war","Near Mint","English","","","2023-07-03 07:58:29.760000","44","False","False",""
"1","1","Cankerbloom","one","Near Mint","English","","","2023-02-04 11:05:08.520000","161","False","False",""
"1","1","Canopy Dragon","mir","Near Mint","English","","","2023-03-04 18:42:04.337000","209","False","False",""
"1","1","Canopy Spider","tmp","Near Mint","English","","","2023-03-04 18:03:00.487000","217","False","False",""
"1","1","Canopy Vista","ncc","Near Mint","English","","","2023-03-21 15:24:42.670000","389","False","False",""
"3","3","Canyon Wildcat","tmp","Near Mint","English","","","2023-04-12 20:49:04.210000","167","False","False",""
"1","1","Captain Sisay","inv","Near Mint","English","","","2023-08-20 19:46:05.020000","237","False","False",""
"1","1","Captain Sisay","sld","Near Mint","English","foil","","2023-08-20 19:46:01.277000","51","False","True",""
"1","1","Capture of Jingzhou","cmm","Near Mint","English","","","2023-10-11 09:44:12.947000","79","False","False",""
"1","1","Capture of Jingzhou","j17","Near Mint","English","foil","","2023-04-12 13:07:26.693000","2","False","True",""
"2","2","Carapace","5ed","Near Mint","English","","","2023-04-13 08:09:11.540000","281","False","False",""
"13","13","Carapace","hml","Near Mint","English","","","2023-04-11 12:37:07.293000","84a","False","False",""
"7","7","Carapace","hml","Near Mint","English","","","2023-04-11 12:37:12.690000","84b","False","False",""
"1","1","Carnage Tyrant","xln","Near Mint","English","","","2023-10-11 09:53:19.063000","179","False","False",""
"1","1","Carnelian Orb of Dragonkind","clb","Near Mint","English","","","2023-03-11 15:28:27.247000","166","False","False",""
"1","1","Carnelian Orb of Dragonkind","clb","Near Mint","English","","","2023-10-21 17:36:43.470000","166","False","True",""
"2","2","Carnivorous Canopy","one","Near Mint","English","","","2023-02-09 10:11:52.467000","162","False","False",""
"3","3","Carnivorous Plant","4ed","Near Mint","English","","","2023-04-13 09:21:04.713000","235","False","False",""
"1","1","Carpet of Flowers","usg","Near Mint","English","","","2023-10-11 09:32:59.040000","240","False","False",""
"5","5","Carrier Pigeons","all","Near Mint","English","","","2023-04-13 07:32:35.500000","1b","False","False",""
"2","2","Carrion Ants","4ed","Near Mint","English","","","2023-03-04 21:00:23.217000","125","False","False",""
"1","1","Cartouche of Strength","akh","Near Mint","English","","","2023-03-21 15:26:36.197000","158","False","False",""
"1","1","Cascade Bluffs","cmm","Near Mint","English","","","2023-08-30 12:08:34.550000","990","False","False",""
"5","5","Cascade Bluffs","phed","Near Mint","English","","","2023-10-21 18:38:09.307000","61","False","True",""
"1","1","Castle","4ed","Near Mint","English","","","2023-04-13 08:53:09.903000","12","False","False",""
"1","1","Castle Sengir","hml","Near Mint","English","","","2023-03-03 19:50:01.760000","113","False","False",""
"9","9","Cat Warriors","chr","Near Mint","English","","","2023-04-13 08:44:47.570000","58","False","False",""
"1","1","Catacomb Dragon","mir","Near Mint","English","","","2023-01-28 16:05:23.743000","112","False","False",""
"1","1","Cathars' Crusade","jmp","Near Mint","English","","","2023-04-12 13:07:32.353000","95","False","True",""
"1","1","Caustic Caterpillar","j22","Mint","English","","","2023-01-21 13:13:55.757000","86","False","False",""
"1","1","Cavalier of Dawn","pm20","Near Mint","English","","","2023-05-24 12:29:21.560000","10p","False","True",""
"1","1","Cavalier of Gales","pm20","Near Mint","English","","","2023-05-24 12:29:32.483000","52p","False","True",""
"1","1","Cavalier of Night","pm20","Near Mint","English","","","2023-05-24 12:29:46.443000","94p","False","True",""
"1","1","Cavalry Drillmaster","j22","Mint","English","","","2023-01-21 13:13:55.757000","165","False","False",""
"2","2","Cave People","4ed","Near Mint","English","","","2023-04-13 09:00:26.590000","181","False","False",""
"1","1","Cavern of Souls","avr","Near Mint","English","","","2023-06-21 08:06:21.050000","226","False","False",""
"5","5","Cavern of Souls","uma","Near Mint","English","","","2023-10-21 18:25:46.437000","237","False","True",""
"1","1","Caves of Koilos","md1","Near Mint","English","","","2023-03-18 09:32:28.623000","14","False","False",""
"1","1","Celeborn the Wise","ltr","Near Mint","English","","","2023-06-11 19:48:02.520000","156","False","False",""
"1","1","Celebrity Fencer","snc","Near Mint","English","","","2023-08-18 21:11:58.433000","7","False","False",""
"1","1","Celestial Dawn","mir","Near Mint","English","","","2023-01-22 09:51:58.770000","6","False","False",""
"2","2","Celestial Prism","4ed","Near Mint","English","","","2023-04-10 07:58:34.763000","304","False","False",""
"1","1","Celestial Unicorn","afr","Near Mint","English","","","2023-08-17 17:29:00.533000","301","False","False",""
"1","1","Cement Shoes","snc","Near Mint","English","","","2023-02-01 15:43:29.163000","235","False","False",""
"14","14","Cemetery Gate","hml","Near Mint","English","","","2023-03-05 10:03:57.193000","44b","False","False",""
"14","14","Cemetery Gate","hml","Near Mint","English","","","2023-03-05 10:03:46.250000","44a","False","False",""
"1","1","Cemetery Recruitment","j22","Mint","English","","","2023-01-21 13:13:55.757000","385","False","False",""
"2","2","Centaur Archer","ice","Near Mint","English","","","2023-03-03 19:27:46.233000","282","False","False",""
"1","1","Centaur Courser","m19","Near Mint","German","","","2023-07-03 07:20:02.523000","171","False","False",""
"1","1","Centaur Nurturer","war","Near Mint","German","","","2023-07-03 07:22:12.777000","156","False","False",""
"1","1","Cephalopod Sentry","one","Near Mint","English","","","2023-02-09 09:36:00.093000","198","False","False",""
"1","1","Cerulean Wyvern","mir","Near Mint","English","","","2023-02-01 09:53:01.477000","57","False","False",""
"2","2","Chain Stasis","hml","Near Mint","English","","","2023-04-13 07:58:28.283000","23","False","False",""
"2","2","Chainflail Centipede","neo","Near Mint","English","","","2023-03-15 21:08:16.523000","90","False","False",""
"1","1","Champions of Minas Tirith","ltc","Near Mint","English","","","2023-06-11 19:48:55.913000","10","False","False",""
"5","5","Chandler","hml","Near Mint","English","","","2023-04-12 21:01:52.510000","69","False","False",""
"1","1","Changeling Outcast","mh1","Near Mint","English","","","2023-06-18 19:03:29.457000","82","False","False",""
"1","1","Channel","3ed","Near Mint","English","","","2023-01-29 08:49:12.197000","188","False","False",""
"1","1","Channel","4ed","Near Mint","English","","","2023-01-29 08:48:59.227000","236","False","False",""
"3","3","Chaos Charm","mir","Near Mint","English","","","2023-03-04 19:09:45.330000","163","False","False",""
"1","1","Chaos Harlequin","all","Near Mint","English","","","2023-01-22 09:49:36.153000","69","False","False",""
"1","1","Chaos Warp","brc","Near Mint","English","","","2023-01-28 15:08:38.020000","114","False","False",""
"1","1","Chaos Warp","who","Near Mint","English","foil","","2023-10-21 12:12:56.387000","1064","False","True",""
"2","2","Charge of the Mites","one","Near Mint","English","","","2023-02-09 09:50:42.067000","6","False","False",""
"1","1","Chatterfang, Squirrel General","mh2","Near Mint","English","","","2023-05-24 12:29:55.993000","316","False","True",""
"1","1","Chill","tmp","Near Mint","English","","","2023-03-04 19:49:41.433000","56","False","False",""
"1","1","Chilling Trap","j22","Mint","English","","","2023-01-21 13:13:55.757000","281","False","False",""
"2","2","Chimney Rabble","one","Near Mint","English","","","2023-02-09 10:05:34.323000","126","False","False",""
"2","2","Chittering Skitterling","one","Near Mint","English","","","2023-02-04 11:02:48.807000","87","False","False",""
"1","1","Chivalric Alliance","moc","Near Mint","English","","","2023-04-10 07:45:23.203000","11","False","False",""
"2","2","Choke","tmp","Near Mint","English","","","2023-04-11 12:59:03.213000","219","False","False",""
"1","1","Choked Estuary","moc","Near Mint","English","","","2023-04-10 07:45:23.203000","394","False","False",""
"3","3","Choking Sands","mir","Near Mint","English","","","2023-03-05 10:25:35.443000","113","False","False",""
"1","1","Chomping Kavu","mom","Near Mint","English","","","2023-09-28 06:15:23.263000","179","False","False",""
"1","1","Chord of Calling","rav","Near Mint","English","","","2023-10-11 09:35:36.387000","156","False","False",""
"1","1","Chord of Calling","2xm","Near Mint","English","","","2023-05-24 12:57:20.883000","158","False","True",""
"1","1","Chromatic Lantern","rtr","Near Mint","English","","","2023-10-11 09:36:42.890000","226","False","False",""
"1","1","Chromatic Lantern","40k","Near Mint","English","","","2023-05-24 12:59:56.837000","232","False","True",""
"1","1","Chromatic Orrery","m21","Near Mint","English","","","2023-08-24 06:59:17.160000","382","False","False",""
"1","1","Chromatic Orrery","pm21","Near Mint","English","","","2023-05-24 13:00:01.640000","228p","False","True",""
"13","13","Chromatic Sphere","mrd","Near Mint","English","","","2023-04-29 13:50:07.277000","151","False","False",""
"1","1","Chrome Host Seedshark","mom","Near Mint","English","","","2023-07-21 20:46:50.760000","51","False","False",""
"1","1","Chrome Mox","2xm","Near Mint","English","","","2023-10-11 09:27:01.490000","240","False","False",""
"6","6","Chrome Mox","2xm","Near Mint","English","","","2023-10-21 16:49:53.663000","358","False","True",""
"3","3","Chrome Prowler","one","Near Mint","English","","","2023-02-09 09:57:08.827000","45","False","False",""
"1","1","Chromeshell Crab","c19","Near Mint","English","","","2023-05-24 12:24:47.370000","81","False","False",""
"6","6","Chub Toad","ice","Near Mint","English","","","2023-04-11 12:55:24.117000","229","False","False",""
"1","1","Churning Reservoir","one","Near Mint","English","","","2023-02-09 09:32:47.697000","127","False","False",""
"2","2","Cinder Cloud","mir","Near Mint","English","","","2023-03-04 19:11:16.473000","165","False","False",""
"1","1","Cinder Glade","who","Near Mint","English","foil","","2023-10-21 18:34:39.337000","853","False","True",""
"1","1","Cinder Glade","dmc","Near Mint","English","","","2023-03-11 15:30:12.380000","203","False","False",""
"1","1","Circle of Despair","mir","Near Mint","English","","","2023-01-29 08:32:31.303000","259","False","False",""
"1","1","Circle of Dreams Druid","pafr","Near Mint","English","","","2023-07-09 09:46:08.087000","176p","False","True",""
"1","1","Circle of Dreams Druid","afr","Near Mint","English","","","2023-06-17 16:43:23.393000","176","False","False",""
"1","1","Circle of Protection: Artifacts","4ed","Near Mint","English","","","2023-04-13 08:52:35.983000","13","False","False",""
"5","5","Circle of Protection: Black","ice","Near Mint","English","","","2023-04-13 07:23:25.847000","12","False","False",""
"1","1","Circle of Protection: Black","4ed","Near Mint","English","","","2023-03-04 20:16:14.523000","14","False","False",""
"2","2","Circle of Protection: Black","5ed","Near Mint","English","","","2023-04-13 08:06:57.697000","17","False","False",""
"1","1","Circle of Protection: Black","tmp","Near Mint","English","","","2023-04-13 07:21:00.867000","8","False","False",""
"2","2","Circle of Protection: Blue","5ed","Near Mint","English","","","2023-04-13 08:06:11.970000","18","False","False",""
"2","2","Circle of Protection: Blue","4ed","Near Mint","English","","","2023-04-13 08:51:34.670000","15","False","False",""
"1","1","Circle of Protection: Blue","tmp","Near Mint","English","","","2023-03-04 20:39:38.347000","9","False","False",""
"1","1","Circle of Protection: Blue","ice","Near Mint","English","","","2023-02-01 11:17:46.487000","13","False","False",""
"1","1","Circle of Protection: Green","ice","Near Mint","English","","","2023-04-13 07:23:05.890000","14","False","False",""
"1","1","Circle of Protection: Green","3ed","Near Mint","English","","","2023-04-13 08:18:41.490000","11","False","False",""
"1","1","Circle of Protection: Green","4ed","Near Mint","English","","","2023-04-13 08:51:42.353000","16","False","False",""
"2","2","Circle of Protection: Green","tmp","Near Mint","English","","","2023-03-04 20:38:44.813000","10","False","False",""
"3","3","Circle of Protection: Red","tmp","Near Mint","English","","","2023-04-13 07:21:29.487000","11","False","False",""
"1","1","Circle of Protection: Red","3ed","Near Mint","English","","","2023-03-04 20:10:31.393000","12","False","False",""
"4","4","Circle of Protection: Red","ice","Near Mint","English","","","2023-04-13 07:23:58.523000","15","False","False",""
"7","7","Circle of Protection: Shadow","tmp","Near Mint","English","","","2023-04-13 07:20:49.420000","12","False","False",""
"1","1","Circle of Protection: White","5ed","Near Mint","English","","","2023-03-04 20:17:35.967000","21","False","False",""
"6","6","Circle of Protection: White","4ed","Near Mint","English","","","2023-04-13 08:51:25.170000","18","False","False",""
"1","1","Circle of Protection: White","ice","Near Mint","English","","","2023-02-01 11:18:21.833000","16","False","False",""
"4","4","Circle of Protection: White","3ed","Near Mint","English","","","2023-04-13 08:18:06.793000","13","False","False",""
"1","1","Circuit Mender","neo","Near Mint","English","","","2023-06-08 06:37:37.287000","242","False","False",""
"1","1","Círdan the Shipwright","ltc","Near Mint","English","","","2023-06-11 19:48:02.520000","50","False","False",""
"2","2","City of Brass","md1","Near Mint","English","","","2023-10-21 18:26:01.283000","15","False","True",""
"1","1","City of Brass","5ed","Near Mint","English","","","2023-01-21 07:58:59.383000","413","False","False",""
"1","1","City of Shadows","drk","Near Mint","English","","","2023-10-11 09:41:07.143000","116","False","False",""
"2","2","City of Solitude","vis","Near Mint","English","","","2023-01-21 14:07:56.283000","102","False","False",""
"1","1","City of Traitors","exo","Near Mint","English","","","2023-04-12 13:07:48.600000","143","False","True",""
"1","1","City on Fire","pmom","Near Mint","German","","","2023-08-20 10:14:03.490000","135p","False","False",""
"1","1","Cityscape Leveler","bro","Near Mint","English","","","2023-04-12 13:07:53.177000","233","False","True",""
"2","2","Civic Guildmage","mir","Near Mint","English","","","2023-03-04 20:51:32.683000","7","False","False",""
"1","1","Civil Servant","snc","Near Mint","English","","","2023-08-18 21:13:48.557000","176","False","False",""
"1","1","Clairvoyance","ice","Near Mint","English","","","2023-03-04 19:59:26.213000","63","False","False",""
"1","1","Clamavus","40k","Near Mint","English","","","2023-10-16 11:53:57.337000","90","False","False",""
"1","1","Clara Oswald","who","Near Mint","English","","","2023-10-16 19:47:48.060000","9","False","False",""
"1","1","Clattering Skeletons","afr","Near Mint","English","","","2023-08-17 17:28:24.710000","312","False","False",""
"4","4","Clay Statue","4ed","Near Mint","English","","","2023-04-10 07:59:16.150000","305","False","False",""
"1","1","Clear a Path","m15","Near Mint","English","","","2023-07-03 07:55:02.480000","136","False","False",""
"3","3","Clearwater Pathway // Murkwater Pathway","slu","Near Mint","English","foil","","2023-10-21 18:39:36.020000","15","False","True",""
"1","1","Clergy en-Vec","tmp","Near Mint","English","","","2023-03-04 20:38:00.717000","14","False","False",""
"1","1","Clergy of the Holy Nimbus","leg","Good (Lightly Played)","English","","","2023-01-31 18:45:45.693000","6","False","False",""
"1","1","Clever Concealment","onc","Near Mint","English","","","2023-04-12 13:07:59.363000","5","False","True",""
"1","1","Clever Impersonator","ktk","Near Mint","English","","","2023-05-24 12:30:02.963000","34","False","True",""
"1","1","Clifftop Retreat","ltc","Near Mint","English","","","2023-06-11 19:48:55.913000","300","False","False",""
"2","2","Clifftop Retreat","pdom","Near Mint","English","","","2023-06-17 18:28:12.543000","239p","False","True",""
"3","3","Cloak of Confusion","ice","Near Mint","English","","","2023-03-05 09:57:39.370000","117","False","False",""
"2","2","Cloak of Invisibility","mir","Near Mint","English","","","2023-04-12 19:40:19.460000","58","False","False",""
"2","2","Clockwork Avian","4ed","Near Mint","English","","","2023-01-29 08:42:14.857000","306","False","False",""
"1","1","Clockwork Gnomes","hml","Near Mint","English","","","2023-04-10 08:01:07.053000","102","False","False",""
"2","2","Clockwork Hydra","j22","Mint","English","","","2023-01-21 15:50:21.377000","135","False","False",""
"1","1","Clockwork Servant","eld","Near Mint","English","","","2023-07-03 07:49:54.737000","216","False","False",""
"4","4","Clockwork Steed","hml","Near Mint","English","","","2023-04-10 08:02:26.720000","103","False","False",""
"2","2","Clockwork Swarm","hml","Near Mint","English","","","2023-04-10 08:01:21.087000","104","False","False",""
"1","1","Clone","m13","Near Mint","English","","","2023-05-24 12:30:09.150000","45","False","True",""
"2","2","Cloud Djinn","wth","Near Mint","English","","","2023-04-13 07:51:06.593000","36","False","False",""
"6","6","Cloud Elemental","vis","Near Mint","English","","","2023-04-12 19:48:07.540000","29","False","False",""
"2","2","Cloudchaser Eagle","tmp","Near Mint","English","","","2023-04-13 07:21:41.507000","15","False","False",""
"1","1","Coalhauler Swine","j22","Mint","English","","","2023-01-21 13:13:55.757000","516","False","False",""
"1","1","Coat of Arms","8ed","Near Mint","English","","","2023-05-24 13:00:52.263000","294","False","True",""
"1","1","Coat of Arms","exo","Near Mint","English","","","2023-08-24 06:41:59.947000","131","False","False",""
"1","1","Cocoon","leg","Good (Lightly Played)","English","","","2023-01-31 18:42:31.217000","178","False","False",""
"2","2","Cocoon","chr","Near Mint","English","","","2023-04-13 08:46:12.087000","59","False","False",""
"3","3","Coercion","tmp","Near Mint","English","","","2023-04-12 20:31:22.653000","113","False","False",""
"7","7","Coercion","vis","Near Mint","English","","","2023-04-12 20:38:19.947000","54","False","False",""
"3","3","Coiled Tinviper","tmp","Near Mint","English","","","2023-04-10 08:03:12.220000","279","False","False",""
"1","1","Coiling Oracle","cmr","Near Mint","English","","","2023-05-24 12:30:14.957000","443","False","True",""
"1","1","Coiling Oracle","2x2","Near Mint","English","","","2023-07-03 12:36:48.063000","194","False","False",""
"1","1","Cold Snap","ice","Near Mint","English","","","2023-02-01 11:14:22.860000","17","False","False",""
"1","1","Coldsteel Heart","2x2","Near Mint","English","foil","","2023-03-11 15:35:05.143000","301","False","False",""
"1","1","Colossal Dreadmaw","j22","Mint","English","","","2023-01-21 13:13:55.757000","640","False","False",""
"1","1","Colossal Dreadmaw","a25","Near Mint","English","","","2023-07-03 07:45:58.763000","163","False","False",""
"1","1","Colossal Majesty","m19","Near Mint","English","","","2023-03-21 15:26:46.067000","173","False","False",""
"1","1","Colossal Skyturtle","neo","Mint","English","","","2023-01-26 07:13:17.013000","216","False","False",""
"1","1","Colossal Whale","ltc","Near Mint","English","","","2023-06-11 19:48:02.520000","186","False","False",""
"1","1","Colossification","iko","Near Mint","English","foil","","2023-05-24 13:07:52.040000","364","False","True",""
"1","1","Colossus of Sardia","4ed","Good (Lightly Played)","English","","","2023-02-01 09:41:37.633000","308","False","False",""
"1","1","Combat Celebrant","ltc","Near Mint","English","","","2023-06-11 19:48:55.913000","212","False","False",""
"4","4","Combat Medic","fem","Near Mint","English","","","2023-04-13 07:26:21.083000","1b","False","False",""
"2","2","Combat Medic","fem","Near Mint","English","","","2023-02-01 11:17:02.943000","1d","False","False",""
"1","1","Combat Professor","j22","Mint","English","","","2023-01-21 13:13:55.757000","167","False","False",""
"1","1","Coming In Hot","mom","Near Mint","English","","","2023-07-21 20:48:53.190000","136","False","False",""
"1","1","Command Tower","moc","Near Mint","English","","","2023-04-10 07:45:23.203000","396","False","False",""
"2","2","Command Tower","ltc","Near Mint","English","","","2023-06-11 19:48:02.520000","301","False","False",""
"7","7","Command Tower","scd","Near Mint","English","","","2023-07-10 07:52:31.820000","297","False","True",""
"1","1","Command Tower","brc","Near Mint","English","","","2023-01-28 15:08:38.020000","178","False","False",""
"1","1","Command Tower","afc","Near Mint","English","","","2023-02-03 15:11:59.067000","230","False","False",""
"1","1","Command Tower","c19","Near Mint","English","","","2023-05-24 12:24:47.370000","237","False","False",""
"1","1","Commander's Plate","cmr","Near Mint","English","","","2023-10-11 09:42:30.533000","692","False","False",""
"1","1","Commander's Sphere","brc","Near Mint","English","","","2023-01-28 15:08:38.020000","135","False","False",""
"2","2","Commander's Sphere","ltc","Near Mint","English","","","2023-06-11 19:48:02.520000","276","False","False",""
"1","1","Commander's Sphere","moc","Near Mint","English","","","2023-04-10 07:45:23.203000","352","False","False",""
"1","1","Commander's Sphere","c21","Mint","English","","","2023-01-23 08:06:55.730000","239","False","False",""
"3","3","Commune with Nature","chk","Near Mint","English","","","2023-07-03 08:04:53.537000","204","False","False",""
"1","1","Commune with Spirits","neo","Near Mint","English","","","2023-02-15 21:23:06.970000","180","False","False",""
"2","2","Compleat Devotion","one","Near Mint","English","","","2023-02-09 09:50:15.637000","7","False","False",""
"1","1","Conch Horn","fem","Near Mint","English","","","2023-01-29 08:39:09.537000","83","False","False",""
"1","1","Conduit of Worlds","pone","Near Mint","English","","","2023-07-07 12:26:49.210000","163p","False","True",""
"1","1","Conduit of Worlds","one","Mint","English","","","2023-02-04 08:46:09.430000","163","False","False",""
"1","1","Cone of Flame","wth","Near Mint","English","","","2023-03-04 19:23:33.867000","95","False","False",""
"1","1","Conjurer's Mantle","moc","Near Mint","English","","","2023-04-10 07:45:23.203000","12","False","False",""
"1","1","Conjurer's Mantle","moc","Near Mint","English","","","2023-07-06 10:15:45.590000","99","False","True",""
"1","1","Consecrated Sphinx","mbs","Near Mint","English","","","2023-08-24 06:58:10.017000","21","False","False",""
"1","1","Consecrated Sphinx","2x2","Near Mint","English","","","2023-04-12 13:08:12.283000","43","False","True",""
"2","2","Conservator","3ed","Near Mint","English","","","2023-04-10 07:52:28.053000","241","False","False",""
"1","1","Constant Mists","sth","Near Mint","English","","","2023-05-24 12:57:28.553000","104","False","True",""
"2","2","Consuming Ferocity","mir","Near Mint","English","","","2023-03-04 19:14:21.823000","166","False","False",""
"1","1","Contagion","all","Near Mint","English","","","2023-03-04 21:08:40.643000","45","False","False",""
"1","1","Contagious Vorrac","one","Near Mint","English","","","2023-02-04 11:31:33.097000","164","False","False",""
"4","4","Contaminated Aquifer","dmu","Near Mint","English","","","2023-03-11 15:35:14.900000","245","False","False",""
"2","2","Contentious Plan","war","Near Mint","English","","","2023-04-29 13:39:39.123000","46","False","False",""
"2","2","Control Magic","3ed","Near Mint","English","","","2023-01-31 19:08:17.463000","52","False","False",""
"1","1","Conversion","3ed","Near Mint","English","","","2023-03-04 20:09:52.440000","14","False","False",""
"2","2","Convolute","m20","Near Mint","English","","","2023-07-03 07:55:38.577000","55","False","False",""
"3","3","Cooperation","ice","Near Mint","English","","","2023-04-13 07:24:13.637000","18","False","False",""
"3","3","Copper Longlegs","one","Near Mint","English","","","2023-02-09 10:12:12.037000","165","False","False",""
"1","1","Copper Myr","mrd","Near Mint","English","","","2023-02-01 09:37:13.020000","158","False","False",""
"1","1","Coppercoat Vanguard","mat","Near Mint","English","foil","","2023-07-10 06:56:39.933000","1","False","False",""
"1","1","Copperline Gorge","one","Mint","English","","","2023-02-04 08:46:59.077000","371","False","False",""
"1","1","Copy Artifact","3ed","Near Mint","English","","","2023-01-21 07:58:59.383000","53","False","False",""
"1","1","Coral Atoll","vis","Near Mint","English","","","2023-03-03 19:41:46.820000","160","False","False",""
"2","2","Coral Barrier","m15","Near Mint","German","","","2023-07-03 07:25:10.360000","49","False","False",""
"2","2","Coral Fighters","mir","Near Mint","English","","","2023-04-12 19:42:10.927000","59","False","False",""
"1","1","Coral Helm","4ed","Near Mint","English","","","2023-04-10 07:54:46.757000","310","False","False",""
"5","5","Coral Reef","hml","Near Mint","English","","","2023-04-13 07:59:52.733000","24","False","False",""
"1","1","Cormela, Glamour Thief","snc","Near Mint","English","","","2023-10-18 19:29:33.260000","177","False","False",""
"1","1","Corpse Dance","tmp","Near Mint","English","","","2023-10-11 09:40:48.730000","116","False","False",""
"1","1","Corpse Explosion","snc","Near Mint","English","","","2023-09-30 08:33:06.067000","179","False","False",""
"1","1","Corpse Knight","moc","Near Mint","English","","","2023-04-10 07:45:23.203000","321","False","False",""
"1","1","Cosmic Hunger","mom","Near Mint","English","","","2023-09-28 06:15:16.843000","182","False","False",""
"2","2","Counterspell","ice","Near Mint","English","","","2023-01-29 08:52:32.013000","64","False","False",""
"3","3","Counterspell","tmp","Near Mint","English","","","2023-01-31 19:09:19.417000","57","False","False",""
"3","3","Counterspell","4ed","Near Mint","English","","","2023-04-13 09:07:20.993000","65","False","False",""
"2","2","Courage in Crisis","war","Near Mint","English","","","2023-04-29 13:39:59.547000","158","False","False",""
"1","1","Court of Garenbrig","woc","Near Mint","English","","","2023-10-16 11:52:14.090000","25","False","False",""
"1","1","Court of Grace","onc","Near Mint","English","","","2023-07-03 12:37:53.337000","62","False","False",""
"1","1","Court of Ire","ltc","Near Mint","English","","","2023-06-11 19:48:55.913000","213","False","False",""
"1","1","Court of Vantress","woc","Near Mint","English","","","2023-10-16 11:47:45.940000","22","False","False",""
"1","1","Cover of Darkness","ons","Near Mint","English","","","2023-04-12 13:08:17.310000","133","False","True",""
"1","1","Crab Umbra","roe","Near Mint","English","","","2023-02-03 14:39:36.853000","58","False","False",""
"2","2","Crackling Emergence","neo","Near Mint","English","","","2023-03-15 21:07:41.397000","136","False","False",""
"1","1","Crackling Emergence","neo","Mint","English","","","2023-01-26 07:11:56.640000","136","False","False",""
"1","1","Cradle of the Accursed","akh","Near Mint","German","","","2023-04-29 13:46:41.160000","241","False","False",""
"3","3","Cragcrown Pathway // Timbercrown Pathway","slu","Near Mint","English","foil","","2023-10-21 18:34:15.717000","16","False","True",""
"4","4","Crash of Rhinos","mir","Near Mint","English","","","2023-04-11 12:35:09.967000","210","False","False",""
"1","1","Crash Through","m19","Near Mint","English","","","2023-07-03 07:49:20.913000","133","False","False",""
"2","2","Crashing Tide","j22","Mint","English","","","2023-01-21 15:50:33.013000","283","False","False",""
"4","4","Craterhoof Behemoth","jmp","Near Mint","English","","","2023-08-16 10:13:00.100000","385","False","True",""
"1","1","Craterhoof Behemoth","avr","Near Mint","English","","","2023-06-17 16:35:10.703000","172","False","False",""
"1","1","Craw Giant","chr","Near Mint","English","","","2023-02-01 10:46:32.163000","61","False","False",""
"1","1","Craw Giant","5ed","Near Mint","English","","","2023-02-01 10:46:39.383000","285","False","False",""
"4","4","Craw Wurm","3ed","Near Mint","English","","","2023-04-13 08:24:16.757000","190","False","False",""
"4","4","Craw Wurm","4ed","Near Mint","English","","","2023-04-13 09:21:23.673000","238","False","False",""
"1","1","Crawling Chorus","one","Near Mint","English","foil","","2023-02-09 09:49:50.427000","8","False","False",""
"1","1","Crawling Chorus","one","Near Mint","English","","","2023-02-04 11:23:29.800000","8","False","False",""
"1","1","Crawling Sensation","j22","Mint","English","","","2023-01-21 13:13:55.757000","642","False","False",""
"1","1","Crawlspace","ulg","Near Mint","English","","","2023-10-21 16:54:57.793000","123","False","True",""
"3","3","Creature Bond","4ed","Near Mint","English","","","2023-04-13 09:02:51.217000","66","False","False",""
"4","4","Creature Bond","3ed","Near Mint","English","","","2023-04-13 08:27:48.587000","55","False","False",""
"3","3","Creeping Mold","vis","Near Mint","English","","","2023-03-04 17:55:35.860000","103","False","False",""
"1","1","Crop Rotation","dmr","Near Mint","English","","","2023-02-03 14:38:17.833000","154","False","False",""
"1","1","Crop Rotation","ddr","Near Mint","English","","","2023-06-17 18:29:37.597000","7","False","True",""
"1","1","Crow of Dark Tidings","j22","Mint","English","","","2023-01-21 13:13:55.757000","390","False","False",""
"1","1","Crown of Gondor","ltc","Near Mint","English","","","2023-06-11 19:48:55.913000","75","False","False",""
"1","1","Crucible of Worlds","10e","Near Mint","English","","","2023-06-17 16:36:14.827000","319","False","False",""
"1","1","Crucible of Worlds","2x2","Near Mint","English","","","2023-04-12 13:08:22.403000","303","False","True",""
"2","2","Cruel Grimnarch","one","Near Mint","English","","","2023-02-09 10:00:11.427000","88","False","False",""
"1","1","Crumble","3ed","Near Mint","English","","","2023-04-13 08:18:59.850000","191","False","False",""
"1","1","Crumble","4ed","Near Mint","English","","","2023-04-13 09:18:06.433000","239","False","False",""
"1","1","Crumbling Necropolis","ncc","Near Mint","English","","","2023-02-03 14:48:09.070000","397","False","False",""
"1","1","Crumbling Necropolis","brc","Near Mint","English","","","2023-01-28 15:08:38.020000","179","False","False",""
"1","1","Crypt Cobra","mir","Near Mint","English","","","2023-03-05 10:23:49.833000","114","False","False",""
"1","1","Crypt Ghast","gtc","Near Mint","English","","","2023-10-11 09:36:08.087000","61","False","False",""
"1","1","Crypt of Agadeem","zen","Near Mint","English","","","2023-05-24 13:19:47.580000","212","False","True",""
"5","5","Crypt Rats","vis","Near Mint","English","","","2023-04-12 20:38:48.373000","55","False","False",""
"2","2","Cryptolith Rite","soi","Near Mint","English","","","2023-10-21 18:11:38.210000","200","False","True",""
"1","1","Crystal Carapace","mom","Near Mint","English","","","2023-04-26 19:47:25.127000","183","False","False",""
"1","1","Crystal Rod","4ed","Near Mint","English","","","2023-04-10 07:57:39.050000","311","False","False",""
"1","1","Crystal Rod","3ed","Near Mint","English","","","2023-04-10 07:52:38.647000","242","False","False",""
"3","3","Crystal Shard","mrd","Near Mint","English","","","2023-04-29 13:52:26.307000","159","False","False",""
"1","1","Crystal Vein","mir","Near Mint","English","","","2023-03-03 19:42:49.920000","325","False","False",""
"1","1","Culling the Weak","exo","Near Mint","English","","","2023-10-11 09:34:14.647000","55","False","False",""
"1","1","Cultivate","c19","Near Mint","English","","","2023-05-24 12:24:47.370000","159","False","False",""
"1","1","Cultivate","ltc","Near Mint","English","","","2023-06-11 19:48:02.520000","236","False","False",""
"1","1","Cultivate","j22","Mint","English","","","2023-01-21 13:13:55.757000","644","False","False",""
"2","2","Cultivate","sta","Near Mint","English","foil","","2023-03-11 14:35:03.130000","51","False","False",""
"5","5","Cultivate","f11","Near Mint","English","foil","","2023-10-21 18:04:31.370000","8","False","True",""
"1","1","Cultivator Colossus","vow","Near Mint","English","","","2023-06-17 17:05:02.390000","195","False","False",""
"1","1","Cultivator Colossus","pvow","Near Mint","English","","","2023-05-24 12:30:26.157000","195p","False","True",""
"1","1","Cultivator of Blades","khc","Near Mint","English","","","2023-07-03 12:33:38.140000","55","False","False",""
"6","6","Cuombajj Witches","chr","Near Mint","English","","","2023-04-13 08:35:55.147000","31","False","False",""
"1","1","Curse of the Swine","khc","Near Mint","English","","","2023-10-13 08:04:30.140000","37","False","True",""
"2","2","Cursed Land","4ed","Near Mint","English","","","2023-04-13 09:14:08.867000","127","False","False",""
"1","1","Cursed Mirror","brc","Near Mint","English","","","2023-01-28 15:08:38.020000","115","False","False",""
"1","1","Cursed Rack","4ed","Near Mint","English","","","2023-03-03 19:57:01.097000","312","False","False",""
"1","1","Cut Short","mom","Near Mint","English","","","2023-04-29 08:59:45.557000","10","False","False",""
"2","2","Cutthroat Centurion","one","Near Mint","English","","","2023-02-09 10:01:05.287000","89","False","False",""
"1","1","Cyberdrive Awakener","nec","Near Mint","English","","","2023-05-24 12:30:32.027000","48","False","True",""
"1","1","Cyclone","chr","Near Mint","English","","","2023-02-01 10:53:23.063000","62","False","False",""
"8","8","Cyclonic Rift","2xm","Near Mint","English","","","2023-10-21 17:24:28.350000","339","False","True",""
"1","1","Cyclonic Rift","2xm","Near Mint","English","foil","","2023-10-18 10:29:12.960000","339","False","False",""
"1","1","Cyclonic Rift","rtr","Near Mint","English","","","2023-06-21 08:07:46.907000","35","False","False",""
"7","7","Cyclopean Mummy","4ed","Near Mint","English","","","2023-04-13 09:10:45.910000","128","False","False",""
"1","1","Dakkon Blackblade","chr","Near Mint","English","","","2023-01-28 16:08:41.537000","75","False","False",""
"1","1","Damn","mh2","Near Mint","English","","","2023-03-21 10:07:13.627000","449","False","True",""
"1","1","Damnation","2x2","Near Mint","English","","","2023-03-21 10:13:19.540000","353","False","True",""
"1","1","Damnation","tsr","Near Mint","English","","","2023-10-11 09:43:19.020000","106","False","False",""
"1","1","Dance of the Manse","eld","Near Mint","English","","","2023-03-21 15:23:04.823000","186","False","False",""
"1","1","Dancing Scimitar","4ed","Good (Lightly Played)","English","","","2023-01-29 08:46:12.093000","313","False","False",""
"10","10","Dandân","chr","Near Mint","English","","","2023-04-13 08:38:55.163000","18","False","False",""
"1","1","Dangerous Wager","avr","Near Mint","English","","","2023-07-03 07:44:49.983000","131","False","False",""
"1","1","Daraja Griffin","vis","Near Mint","English","","","2023-04-13 07:39:12.640000","2","False","False",""
"1","1","Daring Piracy","j22","Mint","English","","","2023-01-21 13:13:55.757000","33","False","False",""
"7","7","Dark Banishing","mir","Near Mint","English","","","2023-03-05 10:21:05.647000","115","False","False",""
"2","2","Dark Banishing","ice","Near Mint","English","","","2023-02-01 12:02:48.683000","119","False","False",""
"3","3","Dark Banishing","tmp","Near Mint","English","","","2023-03-05 09:48:14.610000","117","False","False",""
"1","1","Dark Maze","5ed","Near Mint","English","","","2023-04-13 08:12:17.433000","80","False","False",""
"11","11","Dark Maze","hml","Near Mint","English","","","2023-04-13 08:04:02.717000","25b","False","False",""
"9","9","Dark Maze","hml","Near Mint","English","","","2023-04-13 08:03:49.557000","25a","False","False",""
"5","5","Dark Privilege","vis","Near Mint","English","","","2023-04-12 20:37:33.787000","56","False","False",""
"5","5","Dark Ritual","4ed","Near Mint","English","","","2023-07-02 18:33:16.727000","129","False","False",""
"1","1","Dark Ritual","5ed","Near Mint","English","","","2023-07-02 18:33:01.467000","153","False","False",""
"2","2","Dark Ritual","tmp","Near Mint","English","","","2023-03-05 09:55:03.543000","118","False","False",""
"3","3","Dark Ritual","ice","Near Mint","English","","","2023-03-05 09:58:31.113000","120","False","False",""
