"Count","Tradelist Count","Name","Edition","Condition","Language","Foil","Tags","Last Modified","Collector Number","Alter","Proxy","Purchase Price"
"1","1","_____ Goblin","unf","Near Mint","English","","","2024-12-16 20:59:03.400000","107","False","False",""
"1","1","A Girl and Her Dogs","mb2","Near Mint","English","","","2024-10-29 15:32:14.910000","515","False","False",""
"1","1","A Mysterious Creature","tmkm","Near Mint","English","","","2025-01-26 13:08:41.250000","21","False","False",""
"1","1","Aarakocra Sneak","clb","Near Mint","English","","","2024-12-16 20:58:21.853000","54","False","False",""
"1","1","Abandoned Campground","dsk","Near Mint","English","","","2024-10-30 21:16:54.340000","255","False","False",""
"5","5","Abbey Gargoyles","hml","Near Mint","English","","","2023-03-04 20:23:58.003000","1","False","False",""
"14","14","Abbey Matron","hml","Near Mint","English","","","2023-03-04 20:21:45.817000","2a","False","False",""
"12","12","Abbey Matron","hml","Near Mint","English","","","2023-04-13 07:22:12.257000","2b","False","False",""
"1","1","Abbot of Keral Keep","ori","Near Mint","English","","","2025-01-26 10:22:06.830000","127","False","False",""
"1","1","Abbot of the Sacred Meeple","mb2","Near Mint","English","","","2024-10-29 14:57:55.387000","507","False","False",""
"2","2","Abduction","wth","Near Mint","English","","","2023-04-13 07:50:46.110000","30","False","False",""
"1","1","Aberrant","40k","Near Mint","English","","","2023-10-16 11:54:37.510000","86","False","False",""
"1","1","Abeyance","wth","Near Mint","English","","","2024-12-05 14:14:49.983000","1","False","False",""
"2","2","Abhorrent Oculus","dsk","Near Mint","English","","","2024-12-05 11:38:02.120000","42","False","False",""
"1","1","Abhorrent Overlord","ths","Near Mint","English","","","2023-05-24 12:26:29.443000","75","False","True",""
"2","2","Abjure","wth","Near Mint","English","","","2023-04-13 07:50:15.237000","31","False","False",""
"1","1","Abolish","plst","Near Mint","English","","","2024-10-29 14:38:02.497000","PCY-1","False","False",""
"1","1","Abomination","4ed","Near Mint","English","","","2023-03-04 20:58:22.683000","117","False","False",""
"1","1","Abrade","blc","Near Mint","English","","","2024-07-21 07:50:14.783000","191","False","False",""
"2","2","Abrade","fdn","Near Mint","English","","","2024-11-11 07:53:47.417000","188","False","False",""
"1","1","Abrade","plst","Near Mint","English","","","2024-10-29 14:44:07.410000","2XM-114","False","False",""
"1","1","Abrade","lci","Near Mint","English","","","2023-11-11 09:56:34.353000","131","False","False",""
"1","1","Abrade","brc","Near Mint","English","","","2023-01-28 15:08:38.020000","111","False","False",""
"1","1","Abraded Bluffs","otj","Near Mint","English","","","2024-04-13 06:28:51.107000","251","False","False",""
"1","1","Abrupt Decay","otp","Near Mint","English","","","2024-04-19 21:14:26.233000","34","False","False",""
"1","1","Abrupt Decay","rtr","Near Mint","English","","","2023-12-29 11:20:05.800000","141","False","False","0.00"
"1","1","Absolving Lammasu","mkm","Near Mint","German","","","2024-02-03 16:05:08.247000","2","False","False",""
"2","2","Abu Ja'far","chr","Near Mint","English","","","2023-03-04 20:11:20.717000","1","False","False",""
"1","1","Abuelo's Awakening","lci","Near Mint","English","","","2024-10-29 14:05:42.517000","353","False","False",""
"1","1","Abuelo's Awakening","lci","Near Mint","English","","","2023-12-09 06:47:06.873000","1","False","False",""
"1","1","Abundance","40k","Near Mint","English","foil","","2023-08-16 08:56:07.523000","210★","False","True",""
"1","1","Abundance","40k","Near Mint","English","","","2023-07-28 10:00:19.993000","210","False","False",""
"2","2","Abundant Growth","avr","Near Mint","English","","","2023-04-29 13:35:36.077000","167","False","False",""
"1","1","Abundant Harvest","mh2","Near Mint","English","","","2025-01-31 10:42:32.033000","147","False","False",""
"1","1","Abundant Maw","inr","Near Mint","English","","","2025-01-18 09:34:33.167000","1","False","False",""
"2","2","Abyssal Gatekeeper","wth","Near Mint","English","","","2024-04-16 09:05:25.603000","59","False","False",""
"1","1","Abyssal Persecutor","ima","Near Mint","English","","","2023-05-24 12:26:35.023000","78","False","True",""
"1","1","Abyssal Specter","5ed","Near Mint","English","","","2023-03-04 21:01:49.937000","139","False","False",""
"1","1","Abyssal Specter","ice","Near Mint","English","","","2023-02-01 11:05:10.320000","113","False","False",""
"1","1","Abzan Banner","ktk","Near Mint","German","","","2023-04-29 13:33:02.853000","215","False","False",""
"1","1","Abzan Falconer","mic","Near Mint","English","","","2024-04-22 07:07:28.403000","77","False","False",""
"1","1","Academy Loremaster","dmu","Near Mint","English","","","2025-01-26 10:27:43.973000","40","False","False",""
"1","1","Academy Manufactor","blc","Near Mint","English","","","2024-07-21 08:01:06.780000","264","False","False",""
"1","1","Academy Manufactor","mh2","Near Mint","English","","","2023-12-29 10:01:53.580000","219","False","False",""
"1","1","Academy Manufactor","mkc","Near Mint","English","","","2024-01-28 22:25:55.173000","221","False","False",""
"1","1","Academy Rector","uds","Near Mint","English","","","2023-10-11 09:33:40.600000","1","False","False",""
"1","1","Academy Rector","uds","Near Mint","English","","","2023-05-24 12:26:40.620000","1","False","True",""
"1","1","Academy Ruins","tsp","Near Mint","English","","","2023-06-17 18:11:24.903000","269","False","True",""
"1","1","Academy Ruins","mma","Near Mint","English","","","2023-06-17 17:00:11.573000","219","False","False",""
"1","1","Access Denied","nec","Near Mint","English","","","2024-04-21 19:14:04.943000","11","False","False",""
"1","1","Access Tunnel","mkc","Near Mint","English","","","2024-01-31 14:59:36.280000","247","False","False",""
"1","1","Acclaimed Contender","moc","Near Mint","English","","","2023-04-10 07:45:23.203000","166","False","False",""
"1","1","Accorder Paladin","plst","Near Mint","English","","","2024-10-29 15:47:33.107000","MBS-1","False","False",""
"4","4","Accumulated Knowledge","a25","Near Mint","English","","","2024-06-20 05:55:17.460000","40","False","False",""
"2","2","Accursed Marauder","mh3","Near Mint","English","","","2024-07-24 19:39:49.050000","80","False","False",""
"1","1","Accursed Marauder","mh3","Near Mint","English","foil","","2024-06-07 12:08:47.780000","405","False","False",""
"1","1","Accursed Marauder","mh3","Near Mint","English","","","2024-06-01 09:29:10.103000","405","False","False",""
"1","1","Acidic Dagger","mir","Near Mint","English","","","2023-03-03 20:05:38.163000","291","False","False",""
"1","1","Acidic Slime","m3c","Near Mint","English","","","2024-06-01 06:26:20.427000","218","False","False",""
"1","1","Acidic Soil","plst","Near Mint","English","","","2023-10-16 11:48:15.500000","USG-172","False","False",""
"1","1","Aclazotz, Deepest Betrayal // Temple of the Dead","lci","Near Mint","English","","","2024-12-05 10:58:44.860000","88","False","False",""
"1","1","Acolyte of Aclazotz","lci","Near Mint","English","","","2023-11-23 07:41:51.327000","89","False","False",""
"1","1","Acolyte of Bahamut","clb","Near Mint","English","etched","","2023-10-21 18:19:05.360000","513","False","True",""
"1","1","Acolyte of Bahamut","clb","Near Mint","English","foil","","2023-03-11 15:32:53.723000","212","False","False",""
"1","1","Acrobatic Leap","lci","Near Mint","English","","","2023-11-11 09:53:55.747000","2","False","False",""
"1","1","Act of Treason","gtc","Near Mint","English","","","2024-03-21 07:34:18.513000","85","False","False",""
"2","2","Act of Treason","m20","Near Mint","English","","","2024-03-21 07:34:03.953000","124","False","False",""
"1","1","Act of Treason","ktk","Near Mint","English","","","2024-01-05 11:11:38.360000","95","False","False",""
"5","5","Act on Impulse","m15","Near Mint","English","","","2024-03-21 07:33:53.743000","126","False","False",""
"1","1","Act on Impulse","m15","Near Mint","German","","","2023-07-03 07:19:00.007000","126","False","False",""
"5","5","Active Volcano","chr","Near Mint","English","","","2023-02-01 10:32:30.650000","43","False","False",""
"1","1","Ad Nauseam","ala","Near Mint","English","","","2023-04-13 12:38:24.163000","63","False","True",""
"1","1","Ad Nauseam","ala","Near Mint","English","","","2023-10-11 09:33:05.813000","63","False","False",""
"1","1","Adanto Vanguard","plst","Near Mint","English","","","2024-12-16 20:55:49.837000","XLN-1","False","False",""
"3","3","Adaptive Gemguard","lci","Near Mint","English","","","2023-11-18 07:53:00.193000","3","False","False",""
"1","1","Adaptive Snapjaw","gtc","Near Mint","English","","","2024-04-23 07:54:59.077000","113","False","False",""
"2","2","Adaptive Sporesinger","one","Near Mint","English","","","2023-02-09 10:11:25.143000","157","False","False",""
"2","2","Adarkar Unicorn","ice","Near Mint","English","","","2023-02-01 11:17:31.370000","1","False","False",""
"1","1","Adarkar Wastes","ptc","Near Mint","English","","","2023-10-21 18:32:50.437000","shr351","False","True",""
"2","2","Adarkar Wastes","ice","Near Mint","English","","","2023-01-21 14:10:37.053000","351","False","False",""
"2","2","Adarkar Wastes","m3c","Near Mint","English","","","2024-06-01 06:30:32.970000","316","False","False",""
"2","2","Adarkar Wastes","blc","Near Mint","English","","","2024-07-21 07:53:59.343000","291","False","False",""
"1","1","Adeline, Resplendent Cathar","moc","Near Mint","English","","","2023-04-10 07:45:23.203000","167","False","False",""
"2","2","Adeline, Resplendent Cathar","dbl","Near Mint","English","","","2024-12-05 11:49:20.263000","1","False","False",""
"2","2","Adeline, Resplendent Cathar","pmid","Near Mint","English","","","2024-02-14 08:01:00.467000","1p","False","True",""
"1","1","Admiral Beckett Brass","lcc","Near Mint","English","","","2023-11-04 17:59:21.770000","264","False","False",""
"1","1","Admiral Brass, Unsinkable","lcc","Near Mint","English","foil","","2023-11-04 17:59:21.770000","1","False","False",""
"1","1","Adrenaline Jockey","dft","Near Mint","English","","","2025-02-08 10:25:22.527000","112","False","False",""
"1","1","Adriana, Captain of the Guard","c20","Near Mint","English","","","2023-07-26 19:00:41.057000","200","False","False",""
"1","1","Adrix and Nev, Twincasters","c21","Near Mint","English","","","2023-10-11 09:53:08.140000","336","False","False",""
"1","1","Adrix and Nev, Twincasters","mkc","Near Mint","English","","","2024-01-28 22:25:55.173000","198","False","False",""
"4","4","Advance Scout","tmp","Near Mint","English","","","2023-04-13 07:20:12.773000","1","False","False",""
"1","1","Advanced Stitchwing","emn","Near Mint","English","","","2024-04-24 18:53:43.537000","49","False","False",""
"1","1","Adventurers' Guildhouse","leg","Near Mint","English","","","2024-12-04 18:52:40.943000","300","False","False",""
"2","2","Adventuring Gear","fdn","Near Mint","English","","","2024-11-10 18:14:54.843000","249","False","False",""
"1","1","Adventurous Impulse","j22","Mint","English","","","2023-01-21 13:13:55.757000","627","False","False",""
"3","3","Aegis Turtle","fdn","Near Mint","English","","","2024-11-10 18:38:28.397000","150","False","False",""
"1","1","Aegis Turtle","fdn","Near Mint","English","foil","","2024-11-10 18:38:17.173000","150","False","False",""
"1","1","Aerial Boost","mom","Near Mint","English","","","2023-04-29 09:00:14.597000","2","False","False",""
"1","1","Aerial Extortionist","mkc","Near Mint","English","","","2024-01-28 22:25:55.173000","54","False","False",""
"1","1","Aerial Surveyor","nec","Near Mint","English","","","2024-04-21 19:14:04.943000","5","False","False",""
"1","1","Aerie Auxiliary","mh3","Near Mint","English","","","2024-06-08 08:40:49.863000","18","False","False",""
"2","2","Aerie Worshippers","bng","Near Mint","English","","","2024-12-10 18:42:30.943000","30","False","False",""
"1","1","Aeromoeba","mh2","Near Mint","English","","","2023-12-30 09:10:15.397000","37","False","False",""
"1","1","Aeronaut Admiral","nec","Near Mint","English","","","2024-04-21 19:14:04.943000","79","False","False",""
"1","1","Aeronaut Tinkerer","m15","Near Mint","English","","","2023-07-03 07:46:52.150000","43","False","False",""
"2","2","Aesi, Tyrant of Gyre Strait","cmr","Near Mint","English","foil","","2023-06-17 18:11:43.437000","365","False","True",""
"1","1","Aesi, Tyrant of Gyre Strait","cmr","Near Mint","English","foil","","2023-06-17 17:08:42.690000","365","False","False",""
"3","3","Aesthir Glider","all","Near Mint","English","","","2023-04-10 08:07:31.383000","116a","False","False",""
"1","1","Aether Channeler","blc","Near Mint","English","","","2024-07-21 07:53:59.343000","160","False","False",""
"2","2","Aether Chaser","aer","Near Mint","English","","","2024-04-29 06:49:18.067000","76","False","False",""
"1","1","Aether Chaser","aer","Near Mint","German","","","2023-07-03 07:34:47.627000","76","False","False",""
"1","1","Aether Hub","m3c","Near Mint","English","","","2024-06-01 06:31:37.030000","317","False","False",""
"1","1","Aether Refinery","m3c","Near Mint","English","","","2024-06-01 06:31:37.030000","106","False","False",""
"5","5","Aether Spellbomb","mrd","Near Mint","English","","","2023-04-29 13:51:44.377000","141","False","False",""
"2","2","Aether Storm","5ed","Near Mint","English","","","2023-04-13 08:13:01.527000","70","False","False",""
"3","3","Aether Storm","hml","Near Mint","English","","","2023-04-13 07:59:39.417000","21","False","False",""
"1","1","Aether Vial","mma","Near Mint","English","","","2023-12-29 11:18:30.377000","197","False","False","0.00"
"1","1","Aetherblade Agent // Gitaxian Mindstinger","mom","Near Mint","English","","","2023-05-11 07:17:25.863000","88","False","False",""
"1","1","Aethergeode Miner","m3c","Near Mint","English","","","2024-06-01 06:31:37.030000","163","False","False",""
"1","1","Aetherize","lcc","Near Mint","English","","","2023-11-04 18:04:32.733000","142","False","False",""
"1","1","Aetherize","fdn","Near Mint","English","","","2024-11-10 18:18:55.457000","151","False","False",""
"1","1","Aetherize","blc","Near Mint","English","","","2024-07-21 07:53:59.343000","161","False","False",""
"1","1","Aetherjacket","dft","Near Mint","English","","","2025-02-08 10:32:37.347000","230","False","False",""
"1","1","Aethersphere Harvester","m3c","Near Mint","English","","","2024-06-01 06:31:37.030000","280","False","False",""
"1","1","Aethersquall Ancient","m3c","Near Mint","English","","","2024-06-01 06:31:37.030000","174","False","False",""
"1","1","Aetherstorm Roc","m3c","Near Mint","English","","","2024-06-01 06:31:37.030000","164","False","False",""
"1","1","Aethertide Whale","m3c","Near Mint","English","","","2024-06-01 06:31:37.030000","175","False","False",""
"1","1","Aetherworks Marvel","m3c","Near Mint","English","","","2024-06-01 06:31:37.030000","281","False","False",""
"1","1","Afiya Grove","mir","Near Mint","English","","","2023-04-11 12:33:39.627000","205","False","False",""
"1","1","Afterlife","mir","Near Mint","English","","","2023-03-04 20:50:32.723000","1","False","False",""
"1","1","Aftermath Analyst","mkm","Near Mint","English","","","2024-02-09 22:44:59.297000","148","False","False",""
"1","1","Aftershock","j22","Mint","English","","","2023-01-21 13:13:55.757000","129","False","False",""
"2","2","Agadeem's Awakening // Agadeem, the Undercrypt","pznr","Near Mint","English","foil","","2024-02-12 08:00:10.360000","90s","False","True",""
"1","1","Agadeem's Awakening // Agadeem, the Undercrypt","znr","Near Mint","English","","","2023-09-07 14:57:56.273000","90","False","False",""
"1","1","Against All Odds","one","Near Mint","English","","","2023-02-09 09:24:21.433000","1","False","False",""
"1","1","Agate Assault","blb","Near Mint","English","","","2024-08-02 21:07:34.903000","122","False","False",""
"1","1","Agate Instigator","tblc","Near Mint","English","","","2025-01-26 09:44:53.757000","20","False","False",""
"1","1","Agate Instigator","blc","Near Mint","English","","","2024-07-21 07:53:59.343000","21","False","False",""
"1","1","Agate-Blade Assassin","blb","Near Mint","English","","","2024-08-02 21:02:20.207000","82","False","False",""
"1","1","Agatha's Champion","woe","Near Mint","English","","","2025-01-31 11:33:51.567000","160","False","False",""
"1","1","Agatha's Soul Cauldron","woe","Near Mint","English","","","2024-12-05 12:59:58.693000","242","False","False",""
"1","1","Agatha's Soul Cauldron","woe","Near Mint","English","","","2023-10-11 09:25:20.137000","366","False","False",""
"1","1","Agent of Treachery","m20","Near Mint","English","","","2023-12-29 10:01:58.793000","43","False","False",""
"1","1","Aggravated Assault","ons","Near Mint","English","","","2023-04-12 12:18:16.750000","185","False","True",""
"1","1","Aggressive Biomancy","m3c","Near Mint","English","","","2024-06-01 06:26:20.427000","121","False","False",""
"1","1","Aggressive Crag","cmb2","Near Mint","English","","","2024-12-08 12:34:29.250000","112","False","False",""
"1","1","Aggressive Mining","m15","Near Mint","English","","","2023-05-24 13:06:55.527000","127","False","True",""
"4","4","Agility","mir","Near Mint","English","","","2023-03-04 19:12:16.863000","154","False","False",""
"1","1","Agitator Ant","mkc","Near Mint","English","","","2024-01-31 14:59:36.280000","145","False","False",""
"1","1","Agonizing Memories","wth","Near Mint","English","","","2023-03-04 21:09:36.897000","60","False","False",""
"1","1","Agonizing Remorse","sta","Near Mint","English","","","2025-01-31 10:36:01.293000","24","False","False",""
"1","1","Agrus Kos, Eternal Soldier","j22","Mint","English","","","2023-01-21 13:13:55.757000","1","False","False",""
"1","1","Ahn-Crop Crasher","j25","Near Mint","English","","","2025-01-31 12:14:34.560000","514","False","False",""
"1","1","Ahn-Crop Invader","war","Near Mint","English","","","2023-07-03 07:57:21.317000","113","False","False",""
"2","2","Ainok Bond-Kin","ktk","Near Mint","English","","","2024-04-24 07:10:49.297000","3","False","False",""
"1","1","Ainok Survivalist","mkc","Near Mint","English","","","2024-01-31 15:00:44.857000","165","False","False",""
"1","1","Ainok Survivalist","c19","Near Mint","English","","","2023-05-24 12:24:47.370000","156","False","False",""
"2","2","Air Elemental","3ed","Near Mint","English","","","2023-03-04 19:32:20.770000","47","False","False",""
"1","1","Airtight Alibi","mkm","Near Mint","English","","","2024-02-09 22:45:23.220000","149","False","False",""
"2","2","Ajani, Nacatl Pariah // Ajani, Nacatl Avenger","mh3","Near Mint","English","","","2024-12-05 10:59:16.923000","237","False","False",""
"2","2","Ajani's Pridemate","fdn","Near Mint","English","","","2024-11-10 16:24:21.663000","135","False","False",""
"1","1","Akal Pakal, First Among Equals","lci","Near Mint","English","","","2024-12-16 21:02:16.023000","292","False","False",""
"2","2","Akawalli, the Seething Tower","lci","Near Mint","English","foil","","2023-11-11 12:30:38.260000","298","False","False",""
"1","1","Akki Ember-Keeper","neo","Near Mint","English","foil","","2023-03-15 21:09:12.563000","130","False","False",""
"2","2","Akki Ronin","neo","Near Mint","English","","","2024-01-19 21:53:20.193000","131","False","False",""
"2","2","Akki Ronin","neo","Near Mint","English","","","2024-02-03 09:19:37.873000","319","False","False",""
"1","1","Akoum Hellhound","znr","Near Mint","English","","","2025-01-26 10:25:18.623000","133","False","False",""
"1","1","Akroan Horse","plst","Near Mint","English","","","2023-05-24 12:27:04.513000","C16-241","False","True",""
"1","1","Akroma, Angel of Fury","mkc","Near Mint","English","","","2024-01-31 15:00:44.857000","146","False","False",""
"1","1","Akroma's Memorial","fut","Near Mint","English","","","2023-10-11 09:37:59.697000","159","False","False",""
"1","1","Akroma's Will","lcc","Near Mint","English","","","2023-11-04 17:47:39.390000","125","False","False",""
"1","1","Akroma's Will","m3c","Near Mint","English","","","2024-06-01 06:31:37.030000","165","False","False",""
"2","2","Akroma's Will","cmr","Near Mint","English","","","2024-04-26 17:39:22.590000","3","False","True",""
"1","1","Akroma's Will","cmr","Near Mint","English","","","2023-08-24 06:42:38.273000","615","False","False",""
"1","1","Alabaster Dragon","wth","Near Mint","English","","","2023-01-22 09:53:06.153000","2","False","False",""
"2","2","Alabaster Host Sanctifier","mom","Near Mint","English","","","2023-12-09 06:53:48.410000","4","False","False",""
"3","3","Alabaster Potion","4ed","Near Mint","English","","","2023-03-04 20:14:10.933000","1","False","False",""
"1","1","Alacrian Armory","dft","Near Mint","English","","","2025-02-08 10:15:27.303000","2","False","False",""
"3","3","Aladdin's Ring","4ed","Good (Lightly Played)","English","","","2023-01-29 08:43:47.643000","292","False","False",""
"1","1","Alandra, Sky Dreamer","mkc","Near Mint","English","","","2024-01-28 22:25:55.173000","94","False","False",""
"1","1","Alandra, Sky Dreamer","j22","Mint","English","","","2023-01-26 07:53:10.627000","9","False","False",""
"1","1","Alania's Pathmaker","blb","Near Mint","English","","","2024-08-02 21:06:08.130000","123","False","False",""
"2","2","Alarum","mir","Near Mint","English","","","2023-03-04 20:50:16.647000","2","False","False",""
"2","2","Alchemist's Apprentice","avr","Near Mint","English","","","2024-04-29 06:37:52.713000","42","False","False",""
"1","1","Alchemist's Gambit","vow","Near Mint","English","foil","","2025-01-21 19:25:09.217000","140","False","False",""
"1","1","Alchemist's Refuge","lcc","Near Mint","English","","","2023-11-04 18:04:32.733000","318","False","False",""
"3","3","Alchemist's Refuge","sld","Near Mint","English","","","2023-11-01 19:14:59.893000","358","False","True",""
"1","1","Alchemist's Talent","blc","Near Mint","English","","","2024-07-21 07:50:14.783000","22","False","False",""
"2","2","Aleatory","mir","Near Mint","English","","","2023-02-01 10:29:27.967000","155","False","False",""
"1","1","Alesha, Who Laughs at Fate","fdn","Near Mint","German","","","2024-11-22 18:33:20.110000","343","False","False",""
"1","1","Alesha, Who Laughs at Fate","fdn","Near Mint","German","","","2024-11-22 18:34:20.687000","115","False","False",""
"1","1","Alexios, Deimos of Kosmos","acr","Near Mint","English","foil","","2024-07-25 07:33:40.653000","33","False","False",""
"1","1","Alhammarret's Archive","c21","Near Mint","English","","","2024-12-05 11:46:16.727000","233","False","False",""
"2","2","Ali Baba","4ed","Near Mint","English","","","2023-04-13 09:02:08.003000","175","False","False",""
"13","13","Aliban's Tower","hml","Near Mint","English","","","2023-04-12 21:00:50.020000","61b","False","False",""
"12","12","Aliban's Tower","hml","Near Mint","English","","","2023-04-12 21:01:14.667000","61a","False","False",""
"1","1","All Is Dust","pgpx","Near Mint","English","foil","","2024-01-06 21:11:52.360000","2013b","False","True",""
"1","1","All Is Dust","m3c","Near Mint","English","","","2024-06-01 06:30:32.970000","152","False","False",""
"1","1","All Is Dust","cmm","Near Mint","English","","","2023-07-26 19:03:52.813000","800","False","False",""
"1","1","All Will Be One","one","Near Mint","English","","","2023-10-11 09:46:00.380000","118","False","False",""
"1","1","All Will Be One","pone","Near Mint","English","foil","","2023-10-21 18:59:08.267000","118s","False","True",""
"1","1","Alley Assailant","mkm","Near Mint","German","","","2024-02-03 16:33:47.467000","76","False","False",""
"1","1","Allosaurus Shepherd","jmp","Near Mint","English","","","2023-06-17 16:46:56.850000","28","False","False",""
"1","1","Allosaurus Shepherd","2x2","Near Mint","English","","","2023-04-12 12:18:49.260000","132","False","True",""
"1","1","Alms Collector","plst","Near Mint","English","","","2024-01-28 22:24:58.740000","C17-1","False","False",""
"1","1","Alms of the Vein","soi","Near Mint","English","","","2024-03-20 21:18:06.103000","98","False","False",""
"1","1","Alpha Authority","gtc","Near Mint","English","","","2023-05-24 13:07:05.573000","114","False","True",""
"2","2","Alpha Deathclaw","pip","Near Mint","English","","","2024-12-17 13:10:39.570000","91","False","False",""
"1","1","Alpine Guide","mh1","Near Mint","English","","","2024-04-24 18:47:30.300000","117","False","False",""
"4","4","Alpine Meadow","khm","Near Mint","English","","","2023-02-04 11:07:16.917000","248","False","False",""
"1","1","Alquist Proft, Master Sleuth","mkm","Near Mint","German","","","2024-02-03 15:49:25.837000","185","False","False",""
"1","1","Alrund's Epiphany","khm","Near Mint","English","","","2024-07-25 07:52:19.357000","295","False","False",""
"1","1","Altanak, the Thrice-Called","dsk","Near Mint","English","","","2024-10-26 08:35:33.910000","166","False","False",""
"1","1","Altar of Dementia","mh1","Near Mint","English","","","2023-12-29 10:02:03.140000","218","False","False",""
"1","1","Altar of the Goyf","m3c","Near Mint","English","","","2024-06-01 09:29:10.103000","282","False","False",""
"1","1","Altar's Light","mrd","Near Mint","English","","","2024-04-25 10:09:25.507000","1","False","False",""
"1","1","Aluren","tmp","Near Mint","English","","","2023-08-24 07:01:08.257000","213","False","False",""
"1","1","Amalia Benavides Aguirre","lci","Near Mint","English","","","2024-04-21 06:25:07.040000","221","False","False",""
"1","1","Amass the Components","avr","Near Mint","English","","","2024-04-29 06:38:17.603000","43","False","False",""
"1","1","Ambulatory Edifice","one","Near Mint","English","","","2023-02-04 11:02:35.730000","79","False","False",""
"7","7","Ambush","hml","Near Mint","English","","","2023-04-12 20:58:12.193000","62","False","False",""
"9","9","Ambush Party","hml","Near Mint","English","","","2023-04-12 20:56:06.817000","63a","False","False",""
"9","9","Ambush Party","hml","Near Mint","English","","","2023-04-12 20:56:14.350000","63b","False","False",""
"1","1","Ambush Viper","cmr","Near Mint","English","","","2025-01-31 10:35:17.500000","213","False","False",""
"2","2","Ambush Wolf","fdn","Near Mint","English","","","2024-11-11 08:06:19.030000","98","False","False",""
"1","1","Amethyst Dragon // Explosive Crystal","clb","Near Mint","English","","","2025-01-31 11:19:52.667000","160","False","False",""
"1","1","Amoeboid Changeling","j22","Mint","English","","","2023-01-21 13:13:55.757000","269","False","False",""
"1","1","Amped Raptor","mh3","Near Mint","English","","","2024-06-01 06:31:37.030000","114","False","False",""
"1","1","Amphin Mutineer","mkc","Near Mint","English","","","2024-01-28 22:26:22.600000","95","False","False",""
"1","1","Amphin Mutineer","lcc","Near Mint","English","","","2023-11-04 17:59:21.770000","143","False","False",""
"1","1","Amphin Pathmage","m15","Near Mint","English","","","2023-07-03 07:51:52.520000","45","False","False",""
"2","2","Amrou Kithkin","4ed","Near Mint","English","","","2023-04-13 08:49:26.757000","2","False","False",""
"1","1","Amrou Kithkin","leg","Near Mint","English","","","2023-01-31 18:49:56.587000","3","False","False",""
"5","5","Amulet of Kroog","4ed","Near Mint","English","","","2023-04-10 07:56:44.067000","293","False","False",""
"1","1","Amulet of Vigor","wwk","Near Mint","English","","","2024-07-25 08:05:40.703000","121","False","False",""
"1","1","Amzu, Swarm's Hunger","clu","Near Mint","English","","","2024-07-25 07:49:16.323000","24","False","False",""
"1","1","An Offer You Can't Refuse","blc","Near Mint","English","","","2024-07-21 07:57:49.287000","170","False","False",""
"1","1","An Offer You Can't Refuse","slp","Near Mint","English","","","2023-12-29 10:02:07.897000","7","False","False",""
"1","1","Anaba Ancestor","hml","Near Mint","English","","","2023-04-12 20:57:54.780000","65","False","False",""
"11","11","Anaba Bodyguard","hml","Near Mint","English","","","2023-04-12 20:55:32.833000","66a","False","False",""
"7","7","Anaba Bodyguard","hml","Near Mint","English","","","2023-04-12 20:55:38.250000","66b","False","False",""
"6","6","Anaba Shaman","hml","Near Mint","English","","","2023-04-12 20:55:14.337000","67b","False","False",""
"18","18","Anaba Shaman","hml","Near Mint","English","","","2023-04-12 20:55:07.313000","67a","False","False",""
"3","3","Anaba Spirit Crafter","hml","Near Mint","English","","","2023-04-12 20:58:36.757000","68","False","False",""
"1","1","Anafenza, Kin-Tree Spirit","mul","Near Mint","English","","","2023-04-26 19:48:35.133000","1","False","False",""
"1","1","Anara, Wolvid Familiar","cmr","Near Mint","English","","","2024-12-05 10:10:51.457000","214","False","False",""
"1","1","Anax, Hardened in the Forge","thb","Near Mint","English","","","2025-01-26 10:23:49.257000","125","False","False",""
"1","1","Ancestral Blade","plst","Near Mint","English","","","2024-10-29 14:33:22.573000","2XM-3","False","False",""
"2","2","Ancestral Katana","neo","Near Mint","English","","","2023-05-25 05:44:09.720000","1","False","False",""
"2","2","Ancestral Mask","ema","Near Mint","English","","","2023-07-28 10:00:32.490000","157","False","False",""
"1","1","Ancestral Memories","mir","Near Mint","English","","","2023-01-21 07:58:59.383000","52","False","False",""
"1","1","Ancestral Recall","2ed","Near Mint","English","","","2024-12-05 14:35:19.620000","48","False","False",""
"1","1","Ancestral Reminiscence","lci","Near Mint","English","","","2023-11-11 09:43:32.347000","45","False","False",""
"1","1","Anchor to Reality","neo","Near Mint","English","","","2024-02-03 09:18:51.223000","45","False","False",""
"1","1","Anchor to Reality","neo","Mint","English","","","2023-01-26 07:12:47.897000","45","False","False",""
"1","1","Ancient Animus","dom","Near Mint","English","","","2023-03-22 13:13:14.310000","154","False","False",""
"1","1","Ancient Brass Dragon","pclb","Near Mint","English","foil","","2024-02-07 10:01:15.043000","111s","False","True",""
"1","1","Ancient Brass Dragon","clb","Near Mint","English","","","2023-12-29 10:50:22.007000","367","False","False","0.00"
"1","1","Ancient Bronze Dragon","clb","Near Mint","English","","","2023-12-29 10:48:10.660000","369","False","False","0.00"
"3","3","Ancient Copper Dragon","pclb","Near Mint","English","foil","","2023-10-21 17:33:24.183000","161s","False","True",""
"1","1","Ancient Copper Dragon","clb","Near Mint","English","","","2023-06-17 17:03:05.287000","161","False","False",""
"1","1","Ancient Cornucopia","big","Near Mint","English","","","2024-07-25 07:45:36.933000","46","False","False",""
"1","1","Ancient Crab","akh","Near Mint","English","","","2024-04-25 06:35:39.810000","40","False","False",""
"1","1","Ancient Crab","akh","Near Mint","German","","","2023-07-03 07:31:27.413000","40","False","False",""
"1","1","Ancient Den","mrd","Near Mint","English","","","2024-07-25 07:23:28.710000","278","False","False",""
"1","1","Ancient Den","mb1","Near Mint","English","","","2023-05-24 13:17:38.610000","1652","False","True",""
"1","1","Ancient Gold Dragon","clb","Near Mint","English","","","2023-12-29 10:49:57.767000","365","False","False","0.00"
"1","1","Ancient Greenwarden","pznr","Near Mint","English","","","2023-06-17 18:13:40.027000","178p","False","True",""
"1","1","Ancient Greenwarden","znr","Near Mint","English","","","2023-06-17 16:45:49.500000","178","False","False",""
"1","1","Ancient Imperiosaur","mom","Near Mint","English","","","2023-04-21 15:45:49.797000","368","False","False",""
"1","1","Ancient Silver Dragon","clb","Near Mint","English","","","2023-06-17 16:40:50.437000","366","False","False",""
"2","2","Ancient Silver Dragon","pclb","Near Mint","English","foil","","2023-10-21 17:25:26.460000","56s","False","True",""
"1","1","Ancient Stirrings","m3c","Near Mint","English","","","2024-06-01 06:30:32.970000","219","False","False",""
"1","1","Ancient Stone Idol","mkc","Near Mint","English","","","2024-01-31 14:59:36.280000","222","False","False",""
"13","13","Ancient Tomb","wc99","Near Mint","English","","","2024-02-12 08:00:20.257000","kb315","False","True",""
"6","6","Ancient Tomb","tmp","Near Mint","English","","","2024-12-05 13:01:47.040000","315","False","False",""
"2","2","Angel","tm21","Near Mint","English","","","2025-01-26 09:45:30.237000","1","False","False",""
"2","2","Angel","tnec","Near Mint","English","","","2025-01-26 14:02:39.757000","2","False","False",""
"1","1","Angel","trvr","Near Mint","English","","","2025-01-26 13:29:25.747000","3","False","False",""
"1","1","Angel","tlci","Near Mint","English","","","2025-01-26 13:29:15.723000","2","False","False",""
"2","2","Angel","totj","Near Mint","English","","","2025-01-26 11:57:36.023000","2","False","False",""
"1","1","Angel of Despair","plst","Near Mint","English","","","2024-10-29 16:15:52.337000","UMA-196","False","False",""
"1","1","Angel of Invention","m3c","Near Mint","English","","","2024-06-01 06:31:37.030000","166","False","False",""
"1","1","Angel of Jubilation","avr","Near Mint","English","","","2023-12-29 10:02:16.577000","2","False","False",""
"1","1","Angel of the Ruins","blc","Near Mint","English","","","2024-07-21 07:53:59.343000","134","False","False",""
"1","1","Angel of the Ruins","mkc","Near Mint","English","","","2024-01-31 14:59:36.280000","55","False","False",""
"1","1","Angelic Aberration","m3c","Near Mint","English","","","2024-06-01 06:30:32.970000","39","False","False",""
"1","1","Angelic Cub","j22","Mint","English","","","2023-01-26 07:57:06.683000","2","False","False",""
"1","1","Angelic Field Marshal","cmm","Near Mint","English","","","2023-08-10 10:48:30.470000","13","False","False",""
"1","1","Angelic Intervention","mom","Near Mint","English","","","2023-12-30 09:06:16.990000","5","False","False",""
"1","1","Angelic Observer","snc","Near Mint","English","","","2023-10-25 20:29:24.027000","1","False","False",""
"1","1","Angelic Protector","plst","Near Mint","English","","","2024-10-29 14:42:32.353000","TMP-2","False","False",""
"1","1","Angelic Protector","j22","Mint","English","","","2023-01-21 13:13:55.757000","147","False","False",""
"1","1","Angelic Purge","inr","Near Mint","English","","","2025-01-18 09:30:53.077000","9","False","False",""
"4","4","Angelic Renewal","wth","Near Mint","English","","","2024-04-16 08:52:18.213000","4","False","False",""
"1","1","Angel's Mercy","avr","Near Mint","English","","","2024-04-29 06:37:23.953000","3","False","False",""
"1","1","Anger","m3c","Near Mint","English","","","2024-06-01 09:29:10.103000","208","False","False",""
"1","1","Angrath's Marauders","lcc","Near Mint","English","","","2023-11-04 17:59:21.770000","215","False","False",""
"2","2","Anguished Unmaking","psoi","Near Mint","English","foil","","2023-06-17 18:15:03.880000","242s","False","True",""
"1","1","Anguished Unmaking","sld","Near Mint","English","","","2023-12-29 11:21:23.557000","138","False","False","0.00"
"1","1","An-Havva Constable","hml","Near Mint","English","","","2023-03-04 18:39:41.970000","81","False","False",""
"7","7","An-Havva Inn","hml","Near Mint","English","","","2023-03-04 18:37:37.467000","82","False","False",""
"8","8","An-Havva Township","hml","Near Mint","English","","","2023-03-03 19:52:23.430000","111","False","False",""
"1","1","Anim Pakal, Thousandth Moon","plci","Near Mint","English","foil","","2024-04-26 17:38:41.107000","223s","False","True",""
"1","1","Anim Pakal, Thousandth Moon","lci","Near Mint","English","","","2024-02-03 19:16:18.837000","223","False","False","0.00"
"1","1","Animal Sanctuary","plst","Near Mint","English","","","2024-01-28 22:24:58.740000","M21-242","False","False",""
"1","1","Animate Artifact","4ed","Near Mint","English","","","2023-03-04 19:34:22.163000","60","False","False",""
"1","1","Animate Dead","mkc","Near Mint","English","","","2024-01-28 22:26:22.600000","125","False","False",""
"2","2","Animate Dead","leb","Near Mint","English","","","2024-12-05 14:37:24.183000","93","False","False",""
"1","1","Animate Dead","3ed","Played","English","","","2023-01-21 18:05:25.100000","93","False","False",""
"1","1","Animate Dead","lea","Near Mint","English","","","2023-10-30 09:58:31.260000","92","False","True",""
"1","1","Animist's Awakening","ori","Near Mint","English","","","2023-10-16 11:53:11.537000","169","False","False",""
"1","1","Animist's Might","mat","Near Mint","English","","","2024-10-28 07:58:00.103000","70","False","False",""
"1","1","Anje's Ravager","c19","Near Mint","English","","","2024-11-29 09:02:07.633000","22","False","False",""
"1","1","Ankh of Mishra","4ed","Near Mint","English","","","2023-10-16 11:47:59.600000","294","False","False",""
"1","1","Annex","plst","Near Mint","English","","","2024-10-29 15:15:04.347000","ONS-63","False","False",""
"2","2","Annex Sentry","one","Near Mint","English","","","2023-02-09 09:24:30.740000","2","False","False",""
"1","1","Annihilating Glare","one","Near Mint","English","","","2023-02-04 11:26:45.973000","80","False","False",""
"1","1","Annul","ths","Near Mint","English","","","2024-03-20 21:11:56.450000","38","False","False",""
"8","8","Annul","mrd","Near Mint","English","","","2024-03-20 21:12:14.360000","29","False","False",""
"2","2","Anoint","tmp","Near Mint","English","","","2023-04-13 07:19:58.163000","3","False","False",""
"2","2","Anoint with Affliction","one","Near Mint","English","","","2023-02-09 10:00:54.770000","81","False","False",""
"1","1","Anointed Procession","pakh","Near Mint","English","foil","","2023-06-17 18:15:25.073000","2s","False","True",""
"1","1","Anointed Procession","sld","Near Mint","English","foil","","2024-01-28 22:24:58.740000","1511","False","False",""
"1","1","Anointed Procession","akh","Near Mint","English","","","2023-06-17 16:46:12.603000","2","False","False",""
"1","1","Another Chance","lci","Near Mint","English","","","2023-11-23 07:41:29.187000","90","False","False",""
"1","1","Anowon, the Ruin Sage","voc","Near Mint","English","","","2023-11-02 08:46:06.547000","118","False","False",""
"1","1","Anvil of Bogardan","vis","Near Mint","English","","","2023-01-21 07:58:59.383000","141","False","False",""
"1","1","Anya, Merciless Angel","mkc","Near Mint","English","","","2024-01-31 14:59:36.280000","199","False","False",""
"4","4","An-Zerrin Ruins","hml","Near Mint","English","","","2023-01-26 07:56:03.763000","64","False","False",""
"1","1","Anzrag, the Quake-Mole","mkm","Near Mint","English","","","2024-07-25 07:51:27.767000","186","False","False",""
"1","1","Apathy","wth","Near Mint","English","","","2024-04-16 09:01:15.407000","33","False","False",""
"1","1","Ape","tm3c","Near Mint","English","","","2025-01-26 14:26:45.857000","14","False","False",""
"1","1","Apes of Rath","tmp","Near Mint","English","","","2023-04-11 12:58:44.870000","214","False","False",""
"1","1","Apex Altisaur","c19","Near Mint","English","","","2023-11-04 16:54:50.503000","31","False","False",""
"1","1","Apex Altisaur","lcc","Near Mint","English","","","2023-11-04 16:54:59.660000","232","False","False",""
"2","2","Apex Altisaur","lcc","Near Mint","English","","","2023-12-31 10:23:16.703000","232","False","True",""
"1","1","Apex Devastator","m3c","Near Mint","English","","","2024-06-01 06:26:20.427000","220","False","False",""
"1","1","Apex Devastator","cmr","Near Mint","English","","","2023-08-24 06:44:18.687000","674","False","False",""
"1","1","Aphetto Runecaster","scg","Near Mint","English","","","2023-07-03 12:30:11.930000","28","False","False",""
"1","1","Apocalypse","tmp","Near Mint","English","","","2023-01-30 09:27:57.263000","162","False","False",""
"1","1","Apocalypse Chime","hml","Near Mint","English","","","2023-04-06 19:21:18.380000","101","False","False",""
"1","1","Apothecary Stomper","fdn","Near Mint","English","","","2024-11-11 08:07:04.573000","99","False","False",""
"1","1","Appendage Amalgam","dsk","Near Mint","English","","","2024-10-26 08:32:29.037000","83","False","False",""
"1","1","Apprentice Necromancer","plst","Near Mint","English","","","2024-10-29 14:43:47.340000","UMA-84","False","False",""
"4","4","Apprentice Wizard","4ed","Near Mint","English","","","2023-03-04 19:33:45.867000","61","False","False",""
"1","1","Approach of the Second Sun","akh","Near Mint","English","","","2023-05-24 12:49:10.863000","4","False","True",""
"1","1","Aqueous Form","plst","Near Mint","English","","","2024-10-29 14:15:15.860000","THS-39","False","False",""
"1","1","Arachnogenesis","c15","Near Mint","English","","","2023-04-12 12:19:05.030000","32","False","True",""
"1","1","Arachnogenesis","cmm","Near Mint","English","","","2023-08-24 06:45:54.683000","647","False","False",""
"2","2","Aragorn, King of Gondor","ltc","Near Mint","English","foil","","2024-12-16 21:00:55.857000","5","False","False",""
"1","1","Aragorn, the Uniter","ltr","Near Mint","English","","","2023-12-29 10:02:22.907000","434","False","False",""
"1","1","Arasta of the Endless Web","blc","Near Mint","English","","","2024-07-21 08:01:06.780000","205","False","False",""
"2","2","Arbiter of Woe","fdn","Near Mint","English","","","2024-11-11 07:46:06.923000","55","False","False",""
"1","1","Arbor Elf","ltc","Near Mint","English","","","2023-06-11 19:48:02.520000","232","False","False",""
"1","1","Arbor Elf","m13","Near Mint","German","","","2023-04-29 13:43:35.393000","160","False","False",""
"1","1","Arborea Pegasus","afr","Near Mint","English","","","2023-08-17 17:28:51.933000","299","False","False",""
"1","1","Arboreal Grazer","war","Near Mint","English","","","2024-11-29 10:50:24.430000","149","False","False",""
"1","1","Arc Trail","som","Near Mint","English","","","2024-11-29 10:49:18.163000","81","False","False",""
"1","1","Arcades Sabboth","chr","Near Mint","English","","","2023-01-21 07:58:59.383000","71","False","False",""
"1","1","Arcane Bombardment","otc","Near Mint","English","","","2024-04-07 09:05:27.957000","154","False","False",""
"8","8","Arcane Denial","all","Near Mint","English","","","2023-04-12 19:52:06.607000","22a","False","False",""
"7","7","Arcane Denial","all","Near Mint","English","","","2023-04-12 19:52:38.573000","22b","False","False",""
"1","1","Arcane Denial","m3c","Near Mint","English","","","2024-06-01 06:26:20.427000","176","False","False",""
"1","1","Arcane Denial","otc","Near Mint","English","","","2024-04-07 09:05:27.957000","89","False","False",""
"1","1","Arcane Epiphany","fdn","Near Mint","English","","","2024-11-10 18:20:59.940000","29","False","False",""
"1","1","Arcane Heist","otc","Near Mint","English","","","2024-04-14 08:52:58.233000","13","False","False",""
"1","1","Arcane Lighthouse","mb2","Near Mint","English","","","2024-10-29 16:06:39.027000","102","False","False",""
"1","1","Arcane Sanctum","moc","Near Mint","English","","","2023-04-10 07:45:23.203000","390","False","False",""
"1","1","Arcane Sanctum","c18","Near Mint","English","","","2023-03-18 09:36:05.487000","232","False","False",""
"4","4","Arcane Signet","mkc","Near Mint","English","","","2024-01-28 22:25:55.173000","223","False","False",""
"1","1","Arcane Signet","plst","Near Mint","English","","","2024-03-01 15:38:53.810000","MIC-157","False","False",""
"1","1","Arcane Signet","sld","Near Mint","English","","","2024-12-17 13:10:51.450000","1641","False","False",""
"2","2","Arcane Signet","ltc","Near Mint","English","","","2023-06-11 19:48:02.520000","273","False","False",""
"1","1","Arcane Signet","nec","Near Mint","English","","","2024-04-21 19:14:04.943000","144","False","False",""
"4","4","Arcane Signet","lcc","Near Mint","English","","","2023-11-04 16:51:28.547000","299","False","False",""
"1","1","Arcane Signet","otc","Near Mint","English","","","2024-04-07 09:05:27.957000","252","False","False",""
"1","1","Arcane Signet","c20","Near Mint","English","","","2023-03-11 14:33:43.380000","237","False","False",""
"7","7","Arcane Signet","sld","Near Mint","English","","","2023-10-21 16:50:43.147000","589","False","True",""
"1","1","Arcane Signet","moc","Near Mint","English","","","2023-04-10 07:45:23.203000","348","False","False",""
"4","4","Arcane Signet","blc","Near Mint","English","","","2024-07-21 07:50:14.783000","127","False","False",""
"4","4","Arcane Signet","m3c","Near Mint","English","","","2024-06-01 06:26:20.427000","283","False","False",""
"1","1","Arcane Signet","brc","Near Mint","English","","","2023-01-28 15:08:38.020000","132","False","False",""
"1","1","Arcanist's Owl","nec","Near Mint","English","","","2024-04-21 19:14:04.943000","135","False","False",""
"1","1","Arcbond","frf","Near Mint","English","","","2024-10-28 07:56:38.103000","91","False","False",""
"1","1","Arcbound Condor","mh3","Near Mint","English","","","2024-06-15 08:06:33.740000","81","False","False",""
"1","1","Arcbound Javelineer","mh2","Near Mint","English","","","2024-04-22 07:06:40.887000","2","False","False",""
"1","1","Arcbound Mouser","mh2","Near Mint","English","","","2024-04-22 07:06:47.630000","3","False","False",""
"1","1","Arcbound Prototype","mh2","Near Mint","English","","","2024-04-22 07:06:55.383000","4","False","False",""
"1","1","Arcbound Ravager","dst","Near Mint","English","","","2023-12-29 11:16:36.087000","100","False","False",""
"1","1","Arcbound Shikari","mh2","Near Mint","English","","","2023-12-09 10:56:29.290000","184","False","False",""
"1","1","Arcbound Slasher","mh2","Near Mint","English","","","2024-04-22 07:07:09.417000","111","False","False",""
"1","1","Arcbound Tracker","mh2","Near Mint","English","","","2024-04-22 07:07:18.967000","112","False","False",""
"1","1","Arcbound Whelp","mh2","Near Mint","English","","","2023-12-30 09:07:54.217000","113","False","False",""
"1","1","Arcbound Worker","dst","Near Mint","English","","","2024-03-21 12:21:48.737000","104","False","False",""
"1","1","Arcbound Worker","dst","Near Mint","German","","","2024-04-22 07:05:32.340000","104","False","False",""
"1","1","Arcee, Sharpshooter // Arcee, Acrobatic Coupe","bot","Near Mint","English","foil","","2024-06-20 05:56:27.680000","7","False","False",""
"1","1","Arcee, Sharpshooter // Arcee, Acrobatic Coupe","bot","Near Mint","English","","","2024-04-26 17:36:19.200000","7","False","True",""
"1","1","Arch of Orazca","lcc","Near Mint","English","","","2023-11-04 16:42:38.043000","319","False","False",""
"1","1","Archaeomancer","ddm","Near Mint","English","","","2025-01-26 11:55:35.097000","13","False","False",""
"1","1","Archaeomancer's Map","c21","Near Mint","English","","","2023-08-24 06:54:03.707000","339","False","False",""
"1","1","Archangel of Thune","m14","Near Mint","English","","","2023-10-11 09:36:01.547000","5","False","False",""
"1","1","Archangel of Tithes","ori","Near Mint","English","","","2023-12-29 10:08:59.197000","4","False","False",""
"1","1","Archdruid's Charm","mkm","Near Mint","English","","","2024-07-25 07:50:37.760000","408","False","False",""
"1","1","Archetype of Courage","bng","Near Mint","English","","","2025-01-31 12:17:54.403000","4","False","False",""
"1","1","Archetype of Finality","plst","Near Mint","English","","","2024-10-29 15:00:27.260000","BNG-58","False","False",""
"1","1","Archfiend of Despair","cmm","Near Mint","English","","","2023-12-29 10:09:06.237000","137","False","False",""
"1","1","Archfiend of Sorrows","mh2","Near Mint","English","","","2025-01-31 10:42:15.870000","74","False","False",""
"1","1","Archive Dragon","woe","Near Mint","English","","","2025-01-31 11:33:26.487000","41","False","False",""
"1","1","Archive Trap","otp","Near Mint","English","","","2024-04-19 21:13:13.510000","7","False","False",""
"1","1","Archivist of Gondor","ltc","Near Mint","English","","","2023-06-11 19:48:55.913000","18","False","False",""
"1","1","Archivist of Oghma","clb","Near Mint","English","","","2024-07-25 07:54:26.570000","4","False","False",""
"1","1","Archivist of Oghma","plst","Near Mint","English","","","2024-10-29 14:57:29.043000","CLB-4","False","False",""
"1","1","Archmage Emeritus","otc","Near Mint","English","","","2024-04-07 09:05:27.957000","90","False","False",""
"1","1","Archmage of Runes","fdn","Near Mint","English","","","2024-12-04 18:59:41.097000","30","False","False",""
"1","1","Archon of Absolution","plst","Near Mint","English","","","2024-10-29 14:28:58.910000","ELD-3","False","False",""
"1","1","Archon of Cruelty","mh2","Near Mint","English","","","2023-10-11 09:23:56.103000","75","False","False",""
"1","1","Archon of Cruelty","m3c","Near Mint","English","","","2024-06-01 09:29:10.103000","197","False","False",""
"1","1","Archpriest of Shadows","mom","Near Mint","English","","","2024-01-18 21:39:48.010000","89","False","False",""
"1","1","Archway Commons","plst","Near Mint","English","","","2024-10-29 15:31:22.687000","STX-263","False","False",""
"1","1","Arctic Foxes","ice","Near Mint","English","","","2023-03-04 20:26:04.783000","2","False","False",""
"4","4","Arctic Treeline","khm","Near Mint","English","foil","","2023-02-04 11:07:35.763000","249","False","False",""
"1","1","Arcum Dagsson","2xm","Near Mint","English","","","2023-06-17 18:15:59.513000","41","False","True",""
"1","1","Arcum Dagsson","csp","Near Mint","English","","","2023-06-17 17:00:31.963000","27","False","False",""
"1","1","Arcum's Weathervane","ice","Near Mint","English","","","2023-04-10 08:04:59.893000","310","False","False",""
"1","1","Ardent Elementalist","mid","Mint","English","","","2023-01-23 08:11:21.793000","128","False","False",""
"1","1","Ardent Militia","wth","Near Mint","English","","","2023-04-13 07:24:27.503000","5","False","False",""
"1","1","Ardenvale Tactician // Dizzying Swoop","eld","Near Mint","English","","","2025-01-31 10:28:56.750000","5","False","False",""
"1","1","Arena of Glory","mh3","Near Mint","English","","","2024-06-15 08:01:29.603000","215","False","False",""
"1","1","Argivian Phalanx","dmu","Near Mint","English","","","2023-12-09 06:52:02.270000","5","False","False",""
"1","1","Argothian Elder","plst","Near Mint","English","","","2024-10-29 15:05:56.510000","USG-233","False","False",""
"1","1","Argothian Enchantress","usg","Near Mint","English","","","2023-06-17 16:56:37.390000","234","False","False",""
"4","4","Argothian Enchantress","g03","Near Mint","English","foil","","2023-10-21 18:17:40.447000","2","False","True",""
"4","4","Argothian Pixies","chr","Near Mint","English","","","2023-04-13 08:45:11.473000","57","False","False",""
"1","1","Arid Archway","otj","Near Mint","English","","","2024-05-10 13:37:29.757000","252","False","False",""
"4","4","Arid Mesa","mh2","Near Mint","English","","","2024-07-25 07:39:59.497000","436","False","False",""
"6","6","Arid Mesa","slu","Near Mint","English","","","2024-02-07 10:10:23.110000","4","False","True",""
"1","1","Arid Mesa","mm3","Near Mint","English","","","2023-06-21 08:06:06.213000","229","False","False",""
"1","1","Arixmethes, Slumbering Isle","mul","Near Mint","English","","","2023-07-26 19:03:29.420000","32","False","False",""
"1","1","Arixmethes, Slumbering Isle","2xm","Near Mint","English","","","2023-05-24 12:27:28.620000","189","False","True",""
"1","1","Arlinn, Voice of the Pack","war","Mint","English","","","2023-01-23 08:07:35.257000","150","False","False",""
"1","1","Arlinn, Voice of the Pack","j22","Mint","English","","","2023-01-21 13:13:55.757000","85","False","False",""
"1","1","Arlinn's Wolf","war","Near Mint","English","","","2024-04-29 07:04:33.253000","151","False","False",""
"1","1","Armageddon","4ed","Near Mint","English","","","2023-01-26 07:52:49.677000","5","False","False",""
"1","1","Armasaur Guide","fdn","Near Mint","English","","","2024-11-10 16:28:17.603000","3","False","False",""
"1","1","Armed and Armored","nec","Near Mint","English","","","2024-04-21 19:14:04.943000","80","False","False",""
"1","1","Armed with Proof","mkc","Near Mint","English","","","2024-01-28 22:25:55.173000","9","False","False",""
"2","2","Armguard Familiar","neo","Near Mint","English","","","2024-03-01 22:24:50.643000","46","False","False",""
"1","1","Arm-Mounted Anchor","lcc","Near Mint","English","","","2023-11-04 17:59:21.770000","99","False","False",""
"1","1","Armor of Faith","ice","Near Mint","English","","","2023-04-13 07:23:44.723000","4","False","False",""
"1","1","Armor of Faith","5ed","Near Mint","English","","","2023-03-04 20:17:48.607000","8","False","False",""
"6","6","Armor of Thorns","mir","Near Mint","English","","","2023-04-11 12:30:29.943000","206","False","False",""
"1","1","Armor Sliver","tmp","Near Mint","English","","","2023-04-06 19:22:57.287000","4","False","False",""
"5","5","Armor Thrull","fem","Near Mint","English","","","2023-04-12 20:29:54.103000","33b","False","False",""
"7","7","Armor Thrull","fem","Near Mint","English","","","2023-04-12 20:30:13.353000","33a","False","False",""
"1","1","Armored Kincaller","lci","Near Mint","English","foil","","2024-10-29 14:10:47.037000","174","False","False",""
"2","2","Armored Scrapgorger","one","Near Mint","English","","","2023-02-09 09:34:17.747000","158","False","False",""
"1","1","Armored Transport","gtc","Near Mint","English","","","2024-04-23 07:57:18.107000","226","False","False",""
"5","5","Armorer Guildmage","mir","Near Mint","English","","","2023-03-04 19:08:04.997000","156","False","False",""
"1","1","Armory Guard","rtr","Near Mint","English","","","2024-04-23 07:58:26.070000","2","False","False",""
"1","1","Armory Guard","rvr","Near Mint","German","","","2024-01-05 22:19:34.247000","3","False","False",""
"1","1","Arms of Hadar","clb","Near Mint","English","","","2025-01-31 12:26:07.140000","113","False","False",""
"2","2","Army Ants","vis","Near Mint","English","","","2023-03-03 19:26:45.910000","126","False","False",""
"4","4","Arnjlot's Ascent","ice","Near Mint","English","","","2023-04-13 07:56:27.343000","57","False","False",""
"6","6","Arrest","mrd","Near Mint","English","","","2024-04-29 09:23:05.957000","2","False","False",""
"1","1","Arrogant Outlaw","mid","Near Mint","English","","","2024-01-24 13:18:16.593000","84","False","False",""
"1","1","Arrows of Justice","gtc","Near Mint","German","","","2023-07-03 07:28:57.980000","211","False","False",""
"2","2","Arrows of Justice","gtc","Near Mint","English","","","2024-04-23 07:55:41.760000","211","False","False",""
"1","1","Arthur, Marigold Knight","blc","Near Mint","English","foil","","2024-07-21 07:53:59.343000","5","False","False",""
"2","2","Artificer Class","clb","Near Mint","English","","","2023-10-21 17:29:29.190000","663","False","True",""
"1","1","Artisan of Kozilek","m3c","Near Mint","English","","","2024-06-01 06:30:32.970000","153","False","False",""
"1","1","Artisan of Kozilek","cmm","Near Mint","English","","","2023-11-02 08:42:21.850000","801","False","False",""
"1","1","Artisan of Kozilek","f11","Near Mint","English","foil","","2024-02-07 10:01:44.833000","4","False","True",""
"1","1","Arvad the Cursed","moc","Near Mint","English","","","2023-04-10 07:45:23.203000","317","False","False",""
"1","1","Arwen, Mortal Queen","ltr","Near Mint","English","","","2024-12-16 21:00:43.620000","193","False","False",""
"1","1","Arwen, Weaver of Hope","ltc","Near Mint","English","","","2023-06-11 19:48:02.520000","35","False","False",""
"1","1","Aryel, Knight of Windgrace","moc","Near Mint","English","","","2023-04-10 07:45:23.203000","318","False","False",""
"3","3","Asceticism","plst","Near Mint","English","","","2023-10-21 18:07:43.933000","SOM-110","False","True",""
"1","1","Asceticism","ltc","Near Mint","English","","","2023-06-11 19:48:02.520000","233","False","False",""
"2","2","Ash Barrens","mkc","Near Mint","English","","","2024-01-28 22:26:22.600000","248","False","False",""
"1","1","Ash Barrens","ltc","Near Mint","English","","","2023-06-11 19:48:02.520000","295","False","False",""
"1","1","Ash Barrens","c19","Near Mint","English","","","2023-05-24 12:24:47.370000","227","False","False",""
"1","1","Ash Barrens","m3c","Near Mint","English","","","2024-06-01 06:30:32.970000","318","False","False",""
"1","1","Ash Barrens","brc","Near Mint","English","","","2023-01-28 15:08:38.020000","174","False","False",""
"2","2","Ashaya, Soul of the Wild","znr","Near Mint","English","","","2024-12-05 14:24:33.167000","179","False","False",""
"1","1","Ashaya, Soul of the Wild","pznr","Near Mint","English","","","2023-06-17 18:17:31.030000","179p","False","True",""
"1","1","Ashcloud Phoenix","mkc","Near Mint","English","","","2024-01-31 15:00:44.857000","147","False","False",""
"1","1","Ashcoat of the Shadow Swarm","j22","Near Mint","English","","","2023-12-29 10:33:53.580000","19","False","False",""
"1","1","Ashen Ghoul","ice","Near Mint","English","","","2023-04-12 20:34:44.077000","114","False","False",""
"1","1","Ashen Rider","afc","Near Mint","English","","","2024-12-03 21:33:29.800000","175","False","False",""
"3","3","Ashes to Ashes","4ed","Near Mint","English","","","2023-04-13 09:14:17.413000","119","False","False",""
"1","1","Ashling, Flame Dancer","mh3","Near Mint","English","","","2024-12-05 12:59:50.993000","367","False","False",""
"1","1","Ashnod the Uncaring","brc","Near Mint","English","foil","","2023-01-28 15:08:38.020000","4","False","False",""
"4","4","Ashnod's Altar","chr","Near Mint","English","","","2023-04-06 19:21:50.143000","92","False","False",""
"1","1","Ashnod's Altar","5ed","Near Mint","English","","","2023-04-06 19:22:03.853000","349","False","False",""
"1","1","Ashnod's Battle Gear","4ed","Near Mint","English","","","2023-04-10 07:55:01.300000","296","False","False",""
"1","1","Ashnod's Cylix","all","Near Mint","English","","","2023-01-21 18:05:39.790000","117","False","False",""
"5","5","Ashnod's Transmogrant","chr","Near Mint","English","","","2023-04-10 07:58:05.440000","93","False","False",""
"1","1","Ashnod's Transmogrant","5ed","Near Mint","English","","","2023-04-10 07:53:54.260000","350","False","False",""
"1","1","Ashroot Animist","fdn","Near Mint","English","","","2025-01-27 12:09:30.730000","117","False","False",""
"1","1","Asmira, Holy Avenger","mir","Near Mint","English","","","2023-01-21 07:58:59.383000","256","False","False",""
"1","1","Asmodeus the Archfiend","afr","Near Mint","English","","","2023-05-24 12:27:42.523000","88","False","True",""
"1","1","Aspect of Wolf","4ed","Near Mint","English","","","2023-02-01 10:45:06.627000","233","False","False",""
"1","1","Aspect of Wolf","3ed","Played","English","","","2023-01-21 17:53:51.683000","186","False","False",""
"1","1","Aspirant's Ascent","one","Near Mint","English","","","2023-02-09 09:55:44.967000","40","False","False",""
"1","1","Assassin","tmoc","Near Mint","English","","","2025-01-26 13:52:32.603000","17","False","False",""
"1","1","Assassin","tc19","Near Mint","English","","","2025-01-26 13:52:39.060000","9","False","False",""
"1","1","Assassin","tacr","Near Mint","English","","","2025-02-02 15:17:39.290000","4","False","False",""
"1","1","Assassin's Ink","neo","Near Mint","English","","","2023-05-25 05:45:28.803000","87","False","False",""
"3","3","Assassin's Trophy","pgrn","Near Mint","English","","","2023-06-17 18:17:54.820000","152p","False","True",""
"1","1","Assassin's Trophy","grn","Near Mint","English","","","2023-08-24 06:45:10.953000","152","False","False",""
"1","1","Assassin's Trophy","sld","Near Mint","English","","","2023-10-21 14:05:04.850000","139","False","True",""
"2","2","Assault Griffin","gtc","Near Mint","English","","","2024-04-23 07:51:03.620000","4","False","False",""
"3","3","Assert Authority","mrd","Near Mint","English","","","2024-04-25 10:10:30.157000","30","False","False",""
"1","1","Assimilate Essence","mom","Near Mint","German","","","2023-04-29 09:05:33.933000","47","False","False",""
"1","1","Assimilation Aegis","otj","Near Mint","English","","","2024-12-16 21:03:23.610000","192","False","False",""
"2","2","Astral Dragon","clb","Near Mint","English","","","2023-10-21 17:28:52.453000","664","False","True",""
"1","1","Astral Wingspan","mom","Near Mint","English","foil","","2023-12-30 09:07:18.063000","48","False","False",""
"6","6","Astrolabe","all","Near Mint","English","","","2023-04-10 08:08:49.223000","118a","False","False",""
"2","2","Astrolabe","all","Near Mint","English","","","2023-04-10 08:09:07.817000","118b","False","False",""
"1","1","Atarka, World Render","scd","Near Mint","English","etched","","2023-03-11 15:30:56.487000","1","False","False",""
"1","1","Atarka, World Render","pfrf","Near Mint","English","","","2023-10-21 14:01:05.380000","149p","False","True",""
"1","1","Athreos, God of Passage","jou","Near Mint","English","","","2023-12-29 10:58:11.387000","146","False","False",""
"1","1","Atmosphere Surgeon","one","Near Mint","English","","","2023-02-09 09:26:14.350000","41","False","False",""
"1","1","Atog","mrd","Near Mint","English","","","2023-07-03 07:41:16.767000","86","False","False",""
"1","1","Atog","3ed","Near Mint","English","","","2023-03-04 18:49:46.387000","139","False","False",""
"2","2","Atraxa, Grand Unifier","one","Near Mint","English","","","2024-12-05 13:37:44.300000","316","False","False",""
"1","1","Atraxa, Grand Unifier","one","Mint","English","","","2023-02-09 06:42:37.353000","196","False","False",""
"1","1","Atraxa, Praetors' Voice","2xm","Near Mint","English","","","2023-08-24 06:59:06.500000","190","False","False",""
"1","1","Atraxa, Praetors' Voice","mul","Near Mint","English","","","2023-04-12 16:51:59.357000","33","False","True",""
"2","2","Atraxa's Fall","mom","Near Mint","English","","","2023-05-11 07:16:16.917000","176","False","False",""
"1","1","Atraxa's Skitterfang","one","Near Mint","English","","","2023-02-04 11:06:27.507000","223","False","False",""
"1","1","Atraxi Warden","who","Near Mint","English","","","2025-01-31 11:34:14.890000","12","False","False",""
"1","1","Atsushi, the Blazing Sky","neo","Near Mint","English","","","2023-12-29 10:51:10.050000","410","False","False","0.00"
"1","1","Attack-in-the-Box","dsk","Near Mint","English","","","2024-10-26 08:36:14.733000","242","False","False",""
"1","1","Attempted Murder","plst","Near Mint","English","","","2024-10-29 14:43:29.130000","UNF-66","False","False",""
"2","2","Attentive Skywarden","mom","Near Mint","English","","","2023-07-21 20:48:25.780000","7","False","False",""
"4","4","Attentive Sunscribe","lci","Near Mint","English","","","2023-12-09 06:49:34.377000","4","False","False",""
"1","1","Atzocan Seer","lcc","Near Mint","English","","","2023-11-04 16:46:42.970000","265","False","False",""
"1","1","Audacious Reshapers","brc","Near Mint","English","","","2023-01-28 15:08:38.020000","112","False","False",""
"1","1","Audacious Thief","plst","Near Mint","English","","","2024-10-29 15:42:19.167000","M20-84","False","False",""
"1","1","Audacity","bro","Near Mint","English","","","2023-03-22 13:11:17.320000","169","False","False",""
"3","3","Augur of Autumn","dbl","Near Mint","English","","","2023-07-09 09:48:25.113000","168","False","True",""
"1","1","Augur of Autumn","mid","Near Mint","English","","","2023-03-08 10:43:21.210000","168","False","False",""
"1","1","Augur of Autumn","dsc","Near Mint","English","","","2024-12-04 18:59:30.250000","171","False","False",""
"1","1","Augur of Bolas","war","Near Mint","English","","","2023-04-29 13:40:27.337000","41","False","False",""
"1","1","Auntie Blyte, Bad Influence","j22","Mint","English","","","2023-01-21 13:13:55.757000","30","False","False",""
"1","1","Aura Shards","cmd","Near Mint","English","","","2023-12-29 11:01:59.677000","182","False","False","0.00"
"1","1","Aura Shards","plst","Near Mint","English","","","2023-11-28 08:23:08.193000","CMD-182","False","True",""
"1","1","Aurelia, the Law Above","mkm","Near Mint","German","foil","","2024-02-03 15:50:27.177000","188","False","False",""
"1","1","Aurelia, the Law Above","mkm","Near Mint","English","","","2024-02-12 07:59:20.067000","357","False","True",""
"1","1","Aurelia, the Warleader","gtc","Near Mint","English","","","2023-12-29 10:52:45.687000","143","False","False",""
"1","1","Aurelia's Vindicator","mkm","Near Mint","English","","","2024-12-03 21:37:07.643000","336","False","False",""
"2","2","Auriok Bladewarden","mrd","Near Mint","English","","","2024-04-25 10:00:44.807000","3","False","False",""
"1","1","Auriok Salvagers","2xm","Near Mint","English","","","2024-12-16 20:56:14.793000","6","False","False",""
"4","4","Auriok Transfixer","mrd","Near Mint","English","","","2024-04-29 09:17:39.657000","5","False","False",""
"1","1","Aurochs","ice","Near Mint","English","","","2023-02-01 11:29:53.673000","225","False","False",""
"1","1","Aurora Shifter","m3c","Near Mint","English","","","2024-06-01 06:31:37.030000","97","False","False",""
"1","1","Auspicious Arrival","mkm","Near Mint","German","","","2024-02-03 16:06:51.067000","5","False","False",""
"1","1","Auspicious Arrival","mkm","Near Mint","English","","","2024-02-09 22:46:17.687000","5","False","False",""
"1","1","Austere Command","ima","Near Mint","English","","","2023-06-17 18:18:59.483000","10","False","True",""
"1","1","Austere Command","m3c","Near Mint","English","","","2024-06-01 06:31:37.030000","167","False","False",""
"1","1","Austere Command","mkc","Near Mint","English","","","2024-01-31 15:00:44.857000","56","False","False",""
"1","1","Austere Command","lcc","Near Mint","English","","","2023-11-04 18:08:37.250000","126","False","False",""
"1","1","Autarch Mammoth","dft","Near Mint","English","","","2025-02-08 10:27:58.990000","153","False","False",""
"1","1","Authority of the Consuls","kld","Near Mint","English","","","2023-12-29 10:09:11.503000","5","False","False",""
"1","1","Automated Artificer","neo","Near Mint","English","","","2023-02-22 20:08:46.993000","239","False","False",""
"1","1","Autumn Willow","hml","Near Mint","English","","","2023-01-21 07:58:59.383000","83","False","False",""
"1","1","Autumn's Veil","m12","Near Mint","German","","","2023-04-29 13:44:15.703000","164","False","False",""
"1","1","Avacyn, Angel of Hope","v15","Near Mint","English","foil","","2023-04-12 13:05:45.810000","5","False","True",""
"1","1","Avacyn, Angel of Hope","2xm","Near Mint","English","","","2023-08-24 06:44:52.283000","8","False","False",""
"1","1","Avacyn's Pilgrim","isd","Near Mint","English","","","2023-12-31 20:49:16.417000","170","False","False",""
"1","1","Avacyn's Pilgrim","f12","Near Mint","English","foil","","2024-01-01 10:34:52.087000","8","False","True",""
"1","1","Aveline de Grandpré","acr","Near Mint","English","","","2024-07-25 07:32:27.977000","40","False","False",""
"1","1","Aven Fisher","plst","Near Mint","English","","","2024-10-29 14:38:19.943000","ODY-63","False","False",""
"1","1","Aven Initiate","akh","Near Mint","English","","","2024-04-25 06:35:02.697000","43","False","False",""
"1","1","Aven Mindcensor","clb","Near Mint","English","","","2024-02-03 19:15:59.470000","688","False","False",""
"1","1","Aven Reedstalker","hou","Near Mint","English","","","2024-04-25 06:32:11.780000","30","False","False",""
"1","1","Avenger of Zendikar","m3c","Near Mint","English","","","2024-06-01 06:26:20.427000","221","False","False",""
"1","1","Avenger of Zendikar","c13","Near Mint","English","","","2023-06-17 16:57:19.303000","135","False","False",""
"3","3","Avenger of Zendikar","wwk","Near Mint","English","","","2023-09-26 15:32:06.770000","96","False","True",""
"1","1","Averna, the Chaos Bloom","cmr","Near Mint","English","","","2025-01-27 12:04:09.280000","269","False","False",""
"2","2","Avishkar Raceway","dft","Near Mint","German","","","2025-02-08 09:58:56.627000","249","False","False",""
"1","1","Awaken the Sleeper","one","Near Mint","English","","","2023-02-09 09:32:38.003000","119","False","False",""
"2","2","Awaken the Woods","bro","Near Mint","English","","","2023-09-26 15:38:41.553000","170","False","True",""
"1","1","Awaken the Woods","bro","Near Mint","English","","","2023-06-17 16:38:07.817000","344","False","False",""
"1","1","Awakening Zone","m3c","Near Mint","English","","","2024-06-01 06:30:32.970000","222","False","False",""
"5","5","Awe Strike","mrd","Near Mint","English","","","2024-04-29 09:22:58.523000","6","False","False",""
"7","7","Awesome Presence","all","Near Mint","English","","","2023-04-12 19:59:10.607000","23a","False","False",""
"3","3","Awesome Presence","all","Near Mint","English","","","2023-04-12 19:59:22.877000","23b","False","False",""
"1","1","Axebane Ferox","mkm","Near Mint","English","","","2024-02-08 14:10:20.713000","409","False","False",""
"1","1","Axgard Cavalry","fdn","Near Mint","English","foil","","2024-11-11 07:57:14.283000","189","False","False",""
"1","1","Axgard Cavalry","plst","Near Mint","English","","","2024-10-29 14:51:13.997000","KHM-121","False","False",""
"2","2","Axgard Cavalry","fdn","Near Mint","English","","","2024-11-11 07:57:53.347000","189","False","False",""
"2","2","Axiom Engraver","one","Near Mint","English","","","2023-02-09 10:04:37.450000","120","False","False",""
"1","1","Ayesha Tanaka","chr","Near Mint","English","","","2023-01-29 08:33:14.930000","73","False","False",""
"3","3","Aysen Abbey","hml","Near Mint","English","","","2023-03-03 19:50:28.973000","112","False","False",""
"10","10","Aysen Bureaucrats","hml","Near Mint","English","","","2023-03-04 20:20:19.543000","3b","False","False",""
"13","13","Aysen Bureaucrats","hml","Near Mint","English","","","2023-03-04 20:20:09.193000","3a","False","False",""
"1","1","Aysen Crusader","hml","Near Mint","English","","","2023-03-04 20:23:16.470000","4","False","False",""
"1","1","Aysen Highway","hml","Near Mint","English","","","2023-03-04 20:23:05.477000","5","False","False",""
"4","4","Azimaet Drake","mir","Near Mint","English","","","2023-04-12 19:38:33.150000","53","False","False",""
"1","1","Azlask, the Swelling Scourge","m3c","Near Mint","English","foil","","2024-06-01 06:30:32.970000","5","False","False",""
"1","1","Azorius Arrester","rtr","Near Mint","English","","","2024-04-23 07:59:31.087000","5","False","False",""
"1","1","Azorius Chancery","mkc","Near Mint","English","","","2024-01-28 22:25:55.173000","249","False","False",""
"1","1","Azorius Chancery","m3c","Near Mint","English","","","2024-06-01 06:31:37.030000","319","False","False",""
"1","1","Azorius Chancery","c13","Near Mint","English","","","2023-01-31 18:59:16.367000","274","False","False",""
"2","2","Azorius Signet","nec","Near Mint","English","","","2023-03-11 15:35:46.313000","145","False","False",""
"1","1","Azorius Signet","blc","Near Mint","English","","","2024-07-21 07:53:59.343000","265","False","False",""
"1","1","Azorius Signet","mkc","Near Mint","English","","","2024-01-28 22:25:55.173000","224","False","False",""
"1","1","Azra Bladeseeker","bbd","Near Mint","English","","","2025-01-31 09:57:41.117000","55","False","False",""
"1","1","Azure Beastbinder","blb","Near Mint","English","","","2024-08-02 21:04:07.070000","41","False","False",""
"1","1","Azure Drake","chr","Near Mint","English","","","2023-04-13 08:38:18.243000","15","False","False",""
"1","1","Azure Fleet Admiral","cmr","Near Mint","English","","","2023-07-03 12:32:46.533000","58","False","False",""
"1","1","Azure Fleet Admiral","lcc","Near Mint","English","","","2023-11-04 17:59:21.770000","144","False","False",""
"1","1","Azusa, Lost but Seeking","sld","Near Mint","English","foil","","2023-06-17 18:19:50.063000","1234","False","True",""
"1","1","Azusa, Lost but Seeking","a25","Near Mint","English","","","2023-06-17 16:56:16.737000","161","False","False",""
"1","1","Azusa's Many Journeys // Likeness of the Seeker","neo","Near Mint","English","","","2024-03-01 22:25:52.113000","172","False","False",""
"1","1","Back to Basics","usg","Near Mint","English","","","2023-12-29 11:04:07.957000","62","False","False","0.00"
"1","1","Backfire","4ed","Near Mint","English","","","2023-04-13 09:06:52.843000","62","False","False",""
"1","1","Backstreet Bruiser","snc","Near Mint","English","","","2023-08-18 21:12:45.783000","35","False","False",""
"1","1","Backup Agent","snc","Near Mint","English","","","2023-10-25 20:28:36.713000","2","False","False",""
"1","1","Bad Moon","4ed","Near Mint","English","","","2023-01-21 18:04:20.487000","120","False","False",""
"3","3","Bad River","mir","Near Mint","English","","","2023-01-21 14:24:09.777000","324","False","False",""
"1","1","Badlands","3ed","Heavily Played","English","","","2023-01-21 14:02:06.550000","282","False","False",""
"3","3","Badlands","3ed","Near Mint","English","","","2024-12-05 13:36:01.200000","282","False","False",""
"4","4","Badlands","cei","Near Mint","English","","","2023-10-21 18:41:34.650000","278","False","True",""
"1","1","Baird, Steward of Argive","blc","Near Mint","English","","","2024-07-21 07:57:49.287000","135","False","False",""
"4","4","Bake into a Pie","fdn","Near Mint","English","","","2024-11-11 07:49:22.603000","169","False","False",""
"1","1","Bakersbane Duo","blb","Near Mint","English","","","2024-08-02 21:05:25.700000","163","False","False",""
"6","6","Baki's Curse","hml","Near Mint","English","","","2023-02-01 09:54:11.653000","22","False","False",""
"1","1","Bala Ged Recovery // Bala Ged Sanctuary","znr","Near Mint","English","","","2023-03-21 21:12:18.897000","180","False","True",""
"1","1","Balan, Wandering Knight","j22","Near Mint","English","","","2023-12-29 10:46:27.883000","53","False","False","0.00"
"1","1","Balance","3ed","Near Mint","English","","","2024-12-04 18:52:30.543000","3","False","False",""
"1","1","Balance","plst","Near Mint","English","","","2024-10-29 15:38:06.803000","EMA-2","False","False",""
"1","1","Balduvian Barbarians","ice","Near Mint","English","","","2023-03-04 19:21:26.910000","172","False","False",""
"2","2","Balduvian Bears","ice","Near Mint","English","","","2023-03-04 18:13:23.030000","226","False","False",""
"2","2","Balduvian Horde","all","Played","English","","","2023-01-21 18:04:33.040000","65","False","False",""
"1","1","Balduvian Hydra","ice","Good (Lightly Played)","English","","","2023-01-22 09:51:41.210000","173","False","False",""
"2","2","Balduvian Shaman","ice","Near Mint","English","","","2023-03-04 19:58:01.397000","59","False","False",""
"1","1","Balduvian Trading Post","all","Near Mint","English","","","2023-01-28 16:04:11.407000","137","False","False",""
"1","1","Balefire Dragon","puma","Near Mint","English","foil","","2023-06-17 18:20:23.940000","U14","False","True",""
"1","1","Balefire Dragon","isd","Near Mint","English","","","2023-06-17 16:35:40.637000","129","False","False",""
"1","1","Baleful Mastery","otc","Near Mint","English","","","2024-11-29 10:55:05.213000","126","False","False",""
"1","1","Baleful Strix","pca","Near Mint","English","","","2023-05-24 12:28:19.660000","82","False","True",""
"2","2","Baleful Strix","mkc","Near Mint","English","","","2024-12-04 18:55:29.800000","200","False","False",""
"2","2","Ball Lightning","4ed","Near Mint","English","","","2023-01-28 16:04:29.660000","176","False","False",""
"2","2","Balmor, Battlemage Captain","fdn","Near Mint","English","","","2024-11-10 18:13:49.210000","237","False","False",""
"1","1","Balmor, Battlemage Captain","dmu","Near Mint","English","","","2023-12-09 10:57:28.803000","196","False","False",""
"1","1","Balustrade Spy","rvr","Near Mint","German","","","2024-01-05 22:17:41.323000","66","False","False",""
"1","1","Balustrade Wurm","dsk","Near Mint","English","foil","","2024-12-16 21:04:35.840000","168","False","False",""
"1","1","Bamboo Grove Archer","neo","Near Mint","English","","","2023-02-22 20:09:02.200000","173","False","False",""
"1","1","Band Together","j22","Mint","English","","","2023-01-21 13:13:55.757000","631","False","False",""
"1","1","Band Together","war","Near Mint","English","","","2024-04-29 07:04:41.200000","153","False","False",""
"1","1","Bane of Bala Ged","cmm","Near Mint","English","","","2023-11-02 08:50:08.603000","802","False","False",""
"1","1","Bane of Progress","cc1","Near Mint","English","","","2023-05-24 12:28:25.050000","3","False","True",""
"1","1","Bane of Progress","c13","Near Mint","English","","","2024-07-25 08:04:40.917000","137","False","False",""
"1","1","Bane of the Living","c19","Near Mint","English","","","2023-05-24 12:24:47.370000","104","False","False",""
"1","1","Baneblade Scoundrel // Baneclaw Marauder","mid","Near Mint","English","","","2024-10-26 08:26:49.073000","289","False","False",""
"1","1","Baneblade Scoundrel // Baneclaw Marauder","mid","Near Mint","English","","","2024-10-26 08:25:21.133000","85","False","False",""
"1","1","Banisher Priest","plst","Near Mint","English","","","2024-10-29 15:53:27.927000","M14-7","False","False",""
"3","3","Banishing Light","fdn","Near Mint","English","","","2024-11-10 16:26:09.870000","138","False","False",""
"1","1","Banishing Light","ltc","Near Mint","English","","","2023-06-11 19:48:55.913000","161","False","False",""
"1","1","Banishing Slash","plst","Near Mint","English","","","2024-10-29 15:19:31.033000","NEO-3","False","False",""
"1","1","Bannerhide Krushok","mh2","Near Mint","English","","","2025-01-31 12:24:50.043000","149","False","False",""
"1","1","Banquet Guests","ltc","Near Mint","English","","","2025-01-15 17:00:16.600000","47","False","False",""
"3","3","Banshee","chr","Near Mint","English","","","2023-04-13 08:35:29.683000","29","False","False",""
"1","1","Baral and Kari Zev","pmom","Near Mint","English","","","2024-01-11 07:05:04.100000","218p","False","False",""
"1","1","Baral's Expertise","otc","Near Mint","English","","","2024-04-07 09:05:27.957000","91","False","False",""
"2","2","Barbarian Guides","ice","Near Mint","English","","","2023-02-01 11:47:50.360000","174","False","False",""
"1","1","Barbarian Ring","plst","Near Mint","English","","","2023-10-26 10:39:42.773000","ODY-313","False","False",""
"1","1","Barbary Apes","leg","Near Mint","English","","","2023-01-31 18:50:06.273000","176","False","False",""
"3","3","Barbed Batterfist","one","Near Mint","English","","","2023-02-09 10:04:54.797000","121","False","False",""
"1","1","Barbed Foliage","mir","Near Mint","English","","","2023-02-01 10:49:38.213000","207","False","False",""
"3","3","Barbed Sextant","ice","Near Mint","English","","","2023-03-08 11:38:41.043000","312","False","False",""
"1","1","Barbed Sextant","5ed","Near Mint","English","","","2023-04-10 07:53:02.583000","351","False","False",""
"1","1","Barbed Spike","mh2","Near Mint","English","","","2025-01-31 10:36:09.743000","5","False","False",""
"2","2","Barbed-Back Wurm","mir","Near Mint","English","","","2023-03-05 10:26:07.240000","105","False","False",""
"1","1","Bard Class","afr","Near Mint","English","","","2025-02-02 11:42:30.793000","217","False","False",""
"1","1","Barkchannel Pathway // Tidechannel Pathway","khm","Near Mint","English","","","2023-12-29 10:09:20.777000","290","False","False",""
"3","3","Barkchannel Pathway // Tidechannel Pathway","slu","Near Mint","English","foil","","2023-10-21 18:36:24.477000","11","False","True",""
"2","2","Barkform Harvester","blb","Near Mint","English","","","2024-08-02 21:12:01.967000","243","False","False",""
"1","1","Baron Sengir","hml","Near Mint","English","","","2023-01-30 09:29:40.953000","41","False","False",""
"2","2","Barrage of Boulders","ktk","Near Mint","English","","","2024-04-24 07:28:52.293000","100","False","False",""
"1","1","Barrage Ogre","j22","Mint","English","","","2023-01-21 13:13:55.757000","496","False","False",""
"1","1","Barreling Attack","mir","Near Mint","English","","","2023-02-01 10:30:06.347000","157","False","False",""
"1","1","Barren Moor","blc","Near Mint","English","","","2024-07-21 08:01:06.780000","292","False","False",""
"1","1","Barrow-Blade","ltr","Near Mint","English","","","2025-01-31 11:33:04.093000","237","False","False",""
"1","1","Barrowgoyf","m3c","Near Mint","English","","","2024-06-01 09:29:10.103000","102","False","False",""
"1","1","Bartered Cow","eld","Near Mint","English","","","2023-07-03 07:26:33.967000","6","False","False",""
"2","2","Bartolomé del Presidio","lci","Near Mint","English","","","2023-11-11 07:41:45.153000","224","False","False",""
"1","1","Bartolomé del Presidio","lci","Near Mint","English","","","2023-11-18 07:51:09.220000","301","False","False",""
"1","1","Basal Sliver","tsp","Near Mint","English","","","2023-11-02 08:43:55.497000","96","False","False",""
"6","6","Basal Thrull","fem","Near Mint","English","","","2023-04-12 20:29:17.140000","34b","False","False",""
"2","2","Basal Thrull","fem","Near Mint","English","","","2023-04-12 20:29:28.530000","34d","False","False",""
"1","1","Basalt Golem","mir","Near Mint","English","","","2023-03-03 20:04:28.347000","294","False","False",""
"2","2","Basalt Monolith","3ed","Near Mint","English","","","2023-04-06 19:23:33.503000","235","False","False",""
"1","1","Basalt Monolith","leb","Near Mint","English","","","2024-12-05 14:37:33.697000","232","False","False",""
"1","1","Base Camp","znr","Near Mint","English","","","2024-11-08 15:34:31.487000","257","False","False",""
"1","1","Basilica Shepherd","one","Near Mint","English","","","2023-02-04 11:23:00.407000","4","False","False",""
"3","3","Basilica Skullbomb","one","Near Mint","English","","","2023-02-09 10:17:41.080000","224","False","False",""
"1","1","Basilica Stalker","mkm","Near Mint","German","","","2024-02-03 16:32:07.530000","78","False","False",""
"1","1","Basilisk Collar","pclb","Near Mint","English","foil","","2024-01-06 21:07:24.467000","300s","False","True",""
"1","1","Basilisk Collar","clb","Near Mint","English","","","2023-10-26 10:36:44.650000","300","False","False","0.00"
"1","1","Basilisk Collar","plst","Near Mint","English","","","2024-03-01 15:38:36.920000","2XM-233","False","False",""
"1","1","Basilisk Gate","m3c","Near Mint","English","","","2024-06-01 06:26:20.427000","320","False","False",""
"1","1","Basim Ibn Ishaq","acr","Near Mint","English","","","2024-12-05 12:03:08.493000","141","False","False",""
"1","1","Basking Broodscale","mh3","Near Mint","English","","","2024-06-08 08:32:03.830000","145","False","False",""
"1","1","Basking Rootwalla","mb2","Near Mint","English","","","2024-10-29 14:40:31.077000","65","False","False",""
"1","1","Bastion of Remembrance","iko","Near Mint","English","","","2023-05-24 13:07:33.243000","73","False","True",""
"1","1","Bastion of Remembrance","blc","Near Mint","English","","","2024-07-21 08:01:06.780000","179","False","False",""
"1","1","Bastion Protector","ltc","Near Mint","English","","","2023-06-11 19:48:55.913000","162","False","False",""
"4","4","Bat","tlci","Near Mint","English","","","2025-01-26 13:08:51.200000","6","False","False",""
"1","1","Bat Colony","lci","Near Mint","English","","","2023-11-23 07:42:16.303000","5","False","False",""
"1","1","Baton of Morale","ice","Near Mint","English","","","2023-04-10 08:05:33.613000","313","False","False",""
"1","1","Battering Ram","5ed","Near Mint","English","","","2023-03-03 20:02:48.537000","353","False","False",""
"5","5","Battering Ram","4ed","Near Mint","English","","","2023-04-10 08:00:26.373000","297","False","False",""
"1","1","Batterskull","nph","Near Mint","English","","","2024-12-05 13:38:03.117000","130","False","False",""
"1","1","Battle Angels of Tyr","clb","Near Mint","English","","","2023-06-17 16:39:31.230000","9","False","False",""
"2","2","Battle Angels of Tyr","pclb","Near Mint","English","foil","","2023-10-21 14:06:51.443000","9s","False","True",""
"2","2","Battle Frenzy","ice","Near Mint","English","","","2023-02-01 11:49:05.727000","175","False","False",""
"1","1","Battle Screech","mh1","Near Mint","English","","","2025-01-31 10:03:55.143000","4","False","False",""
"1","1","Battlefield Forge","pbro","Near Mint","English","foil","","2024-04-26 17:38:31.360000","257s","False","True",""
"2","2","Battlefield Forge","m3c","Near Mint","English","","","2024-06-01 06:30:32.970000","321","False","False",""
"1","1","Battlefield Forge","blc","Near Mint","English","","","2024-07-21 07:53:59.343000","293","False","False",""
"1","1","Battlefield Forge","ltc","Near Mint","English","","","2023-06-11 19:48:55.913000","296","False","False",""
"1","1","Battlefield Forge","bro","Near Mint","English","","","2023-03-18 09:38:35.733000","257","False","False",""
"4","4","Battlegrowth","mrd","Near Mint","English","","","2024-04-29 07:48:02.887000","113","False","False",""
"1","1","Battle-Mad Ronin","chk","Near Mint","English","","","2023-07-03 08:01:49.917000","156","False","False",""
"1","1","Battle-Rage Blessing","plst","Near Mint","English","","","2024-10-29 14:55:56.420000","DMU-80","False","False",""
"1","1","Battlesong Berserker","fdn","Near Mint","English","foil","","2024-11-11 07:56:54.477000","78","False","False",""
"1","1","Batwing Brume","plst","Near Mint","English","","","2024-10-29 15:11:45.690000","EVE-81","False","False",""
"9","9","Bay Falcon","mir","Near Mint","English","","","2023-04-12 19:36:12.947000","54","False","False",""
"2","2","Bayou","30a","Near Mint","English","","","2023-05-24 13:17:56.150000","274","False","True",""
"3","3","Bayou","3ed","Near Mint","English","","","2024-12-05 13:36:34.207000","283","False","False",""
"1","1","Bazaar of Baghdad","arn","Near Mint","English","","","2024-12-05 14:37:14.847000","70","False","False",""
"1","1","Bazaar of Wonders","mir","Near Mint","English","","","2023-01-29 09:02:31.747000","55","False","False",""
"1","1","Beamtown Beatstick","mom","Near Mint","English","","","2023-12-09 10:54:22.590000","131","False","False",""
"1","1","Beanstalk Giant // Fertile Footsteps","plst","Near Mint","English","","","2023-08-20 09:31:54.200000","ELD-295","False","True",""
"1","1","Beanstalk Giant // Fertile Footsteps","eld","Near Mint","English","","","2023-08-20 09:31:37.983000","149","False","False",""
"2","2","Bear Umbra","nec","Near Mint","English","","","2023-10-21 18:13:03.857000","113","False","True",""
"1","1","Bear Umbra","woc","Near Mint","English","","","2023-10-16 11:51:14.583000","121","False","False",""
"1","1","Bearer of Memory","neo","Mint","English","","","2023-01-26 07:12:06.260000","174","False","False",""
"1","1","Bearer of Memory","neo","Near Mint","English","","","2023-05-25 05:44:36.983000","174","False","False",""
"1","1","Beast","tm3c","Near Mint","English","","","2025-01-26 13:58:28.217000","10","False","False",""
"2","2","Beast","tm3c","Near Mint","English","","","2025-01-26 13:57:28.950000","16","False","False",""
"2","2","Beast","tblc","Near Mint","English","","","2025-01-26 13:27:33.010000","25","False","False",""
"1","1","Beast","tiko","Near Mint","English","","","2025-01-26 09:46:10.657000","10","False","False",""
"3","3","Beast Walkers","hml","Near Mint","English","","","2023-03-04 20:23:28.847000","6","False","False",""
"2","2","Beast Whisperer","p30a","Near Mint","English","foil","","2023-11-18 07:49:01.307000","26","False","False",""
"1","1","Beast Whisperer","mkc","Near Mint","English","","","2024-01-31 15:00:44.857000","166","False","False",""
"4","4","Beast Whisperer","sld","Near Mint","English","","","2024-04-15 06:34:04.923000","1099","False","True",""
"1","1","Beast Within","blc","Near Mint","English","","","2024-07-21 07:50:14.783000","206","False","False",""
"1","1","Beast Within","ltc","Near Mint","English","","","2023-06-11 19:48:02.520000","234","False","False",""
"7","7","Beast Within","tsr","Near Mint","English","","","2023-10-21 18:05:55.737000","357","False","True",""
"1","1","Beast Within","onc","Near Mint","English","","","2023-02-17 12:16:23.303000","104","False","False",""
"1","1","Beast Within","lcc","Near Mint","English","","","2023-11-04 18:04:32.733000","233","False","False",""
"1","1","Beast Within","m3c","Near Mint","English","","","2024-06-01 06:26:20.427000","223","False","False",""
"1","1","Beastbond Outcaster","otj","Near Mint","English","","","2024-04-13 07:08:37.633000","154","False","False",""
"1","1","Beastie Beatdown","dsk","Near Mint","English","","","2024-10-26 08:35:48.143000","210","False","False",""
"4","4","Beast-Kin Ranger","fdn","Near Mint","English","","","2024-11-11 08:04:38.737000","100","False","False",""
"1","1","Beastmaster Ascension","plst","Near Mint","English","","","2024-03-01 15:39:48.887000","CMA-92","False","False",""
"1","1","Beastmaster Ascension","plst","Near Mint","English","","","2024-03-01 15:40:03.490000","ZEN-159","False","False",""
"1","1","Beastmaster Ascension","blc","Near Mint","English","","","2024-07-21 08:01:06.780000","118","False","False",""
"2","2","Beastrider Vanguard","dft","Near Mint","English","","","2025-02-08 10:30:08.563000","154","False","False",""
"5","5","Beasts of Bogardan","chr","Near Mint","English","","","2023-04-13 08:41:21.513000","45","False","False",""
"2","2","Beau","totj","Near Mint","English","","","2025-01-26 13:09:00.787000","6","False","False",""
"1","1","Beckoning Will-o'-Wisp","clb","Near Mint","English","","","2025-01-31 11:16:51.137000","10","False","False",""
"1","1","Bedeck // Bedazzle","rvr","Near Mint","German","","","2024-01-05 22:09:02.393000","244","False","False",""
"1","1","Bedevil","brc","Near Mint","English","","","2023-01-28 15:08:38.020000","121","False","False",""
"1","1","Bedevil","otp","Near Mint","German","","","2024-04-12 21:33:04.193000","37","False","False",""
"1","1","Beetleback Chief","pc2","Near Mint","English","","","2025-01-31 12:17:44.287000","40","False","False",""
"4","4","Befriending the Moths // Imperial Moth","neo","Near Mint","English","","","2024-01-19 21:55:03.360000","4","False","False",""
"1","1","Behind the Mask","mkm","Near Mint","German","","","2024-02-03 16:10:45.863000","39","False","False",""
"1","1","Behold the Multiverse","khm","Near Mint","English","","","2025-01-26 10:25:34.303000","46","False","False",""
"1","1","Behold the Unspeakable // Vision of the Unspeakable","neo","Near Mint","English","","","2025-01-31 10:49:59.377000","48","False","False",""
"1","1","Belbe's Armor","plst","Near Mint","English","","","2024-10-29 15:49:54.613000","NEM-126","False","False",""
"1","1","Beledros Witherbloom","blc","Near Mint","English","","","2024-07-21 08:01:06.780000","247","False","False",""
"1","1","Beledros Witherbloom","stx","Near Mint","English","","","2023-06-17 18:22:14.680000","163","False","False",""
"1","1","Beledros Witherbloom","pstx","Near Mint","English","","","2023-06-17 18:22:10.210000","163p","False","True",""
"1","1","Belligerent Sliver","m15","Near Mint","English","","","2023-11-02 08:44:06.070000","129","False","False",""
"1","1","Bello, Bard of the Brambles","blc","Near Mint","English","foil","","2024-07-21 07:50:14.783000","1","False","False",""
"1","1","Bellowing Aegisaur","lcc","Near Mint","English","","","2023-11-04 16:47:16.113000","127","False","False",""
"1","1","Bellowing Aegisaur","plst","Near Mint","English","","","2024-10-29 14:49:48.880000","XLN-4","False","False",""
"1","1","Belltoll Dragon","plst","Near Mint","English","","","2024-10-29 15:53:45.530000","DTK-46","False","False",""
"1","1","Beloved Chaplain","plst","Near Mint","English","","","2024-10-29 15:59:26.030000","ODY-11","False","False",""
"1","1","Benalish Hero","5ed","Near Mint","English","","","2023-04-13 08:05:53.793000","10","False","False",""
"4","4","Benalish Hero","4ed","Near Mint","English","","","2023-04-13 08:50:39.630000","7","False","False",""
"1","1","Benalish Infantry","wth","Near Mint","English","","","2024-04-16 08:53:46.463000","8","False","False",""
"1","1","Benalish Knight","wth","Near Mint","English","","","2024-04-16 08:53:36.737000","9","False","False",""
"1","1","Benalish Missionary","wth","Near Mint","English","","","2024-04-16 08:53:56.687000","10","False","False",""
"1","1","Benalish Sleeper","dmu","Near Mint","English","foil","","2024-02-11 18:52:54.383000","8","False","False",""
"2","2","Benefaction of Rhonas","akh","Near Mint","English","","","2024-04-25 06:38:21.387000","156","False","False",""
"1","1","Benevolent Bodyguard","ema","Near Mint","English","","","2024-12-03 21:30:10.743000","4","False","False",""
"1","1","Benevolent Hydra","j22","Near Mint","English","","","2023-10-21 18:58:39.600000","38","False","True",""
"2","2","Benevolent Hydra","j22","Mint","English","","","2023-01-21 13:16:59.387000","38","False","False",""
"7","7","Benevolent Unicorn","mir","Near Mint","English","","","2023-04-13 07:36:46.330000","4","False","False",""
"1","1","Bennie Bracks, Zoologist","mkc","Near Mint","English","","","2024-01-28 22:25:55.173000","57","False","False",""
"1","1","Bennie Bracks, Zoologist","ncc","Near Mint","English","","","2023-10-11 09:52:54.477000","86","False","False",""
"1","1","Benthic Anomaly","m3c","Near Mint","English","","","2024-06-01 06:30:32.970000","46","False","False",""
"1","1","Benthic Biomancer","lcc","Near Mint","English","","","2023-11-04 18:04:32.733000","145","False","False",""
"1","1","Benthic Criminologists","mkm","Near Mint","German","","","2024-02-03 16:33:13.667000","40","False","False",""
"1","1","Benthic Djinn","mir","Near Mint","English","","","2023-01-29 08:35:20.930000","257","False","False",""
"7","7","Benthic Explorers","all","Near Mint","English","","","2023-04-12 20:04:05.553000","24a","False","False",""
"7","7","Benthic Explorers","all","Near Mint","English","","","2023-04-12 20:04:20.193000","24b","False","False",""
"1","1","Beregond of the Guard","ltc","Near Mint","English","","","2023-06-11 19:48:55.913000","9","False","False",""
"1","1","Berserk","sld","Near Mint","English","","","2024-11-04 19:07:42.500000","1738","False","False",""
"1","1","Berserk","cn2","Near Mint","English","","","2023-12-29 11:12:49.607000","175","False","False","0.00"
"1","1","Berserkers' Onslaught","blc","Near Mint","English","","","2024-07-21 07:50:14.783000","192","False","False",""
"1","1","Beseech the Mirror","woe","Near Mint","English","","","2023-10-11 09:24:06.557000","336","False","False",""
"1","1","Besmirch","plst","Near Mint","English","","","2024-10-29 16:15:10.400000","CN2-49","False","False",""
"1","1","Besotted Knight // Betroth the Beast","woe","Near Mint","English","foil","","2024-10-29 14:12:00.007000","4","False","False",""
"3","3","Bespoke Battlewagon","mh3","Near Mint","English","","","2024-06-15 08:05:57.063000","52","False","False",""
"1","1","Bestial Fury","all","Near Mint","English","","","2023-04-12 20:44:20.117000","67a","False","False",""
"2","2","Bestow Greatness","dft","Near Mint","English","","","2025-02-08 10:29:20.520000","155","False","False",""
"5","5","Betrayal","vis","Near Mint","English","","","2023-04-12 19:46:06.937000","26","False","False",""
"1","1","Betrothed of Fire","wth","Near Mint","English","","","2023-03-04 19:23:12.267000","89","False","False",""
"1","1","Bewilder","ima","Near Mint","English","","","2024-04-24 18:50:15.840000","43","False","False",""
"1","1","Beza, the Bounding Spring","blb","Near Mint","English","","","2024-12-05 11:47:07.260000","2","False","False",""
"1","1","Bident of Thassa","lcc","Near Mint","English","","","2023-11-04 17:59:21.770000","146","False","False",""
"1","1","Bident of Thassa","blc","Near Mint","English","","","2024-07-21 07:53:59.343000","162","False","False",""
"1","1","Bident of Thassa","m3c","Near Mint","English","","","2024-06-01 06:31:37.030000","177","False","False",""
"1","1","Bident of Thassa","pths","Near Mint","English","foil","","2024-04-13 10:16:41.457000","42★","False","True",""
"1","1","Big Score","blc","Near Mint","English","","","2024-07-21 07:50:14.783000","193","False","False",""
"1","1","Big Score","otc","Near Mint","English","","","2024-04-07 09:05:27.957000","155","False","False",""
"1","1","Big Score","snc","Near Mint","English","","","2023-12-30 09:01:40.430000","102","False","False",""
"1","1","Big Score","j22","Mint","English","","","2023-01-21 13:13:55.757000","498","False","False",""
"2","2","Bigfin Bouncer","fdn","Near Mint","English","","","2024-11-10 18:41:47.480000","31","False","False",""
"2","2","Binding Agony","mir","Near Mint","English","","","2023-03-05 10:26:40.727000","106","False","False",""
"1","1","Binding Negotiation","otj","Near Mint","English","","","2024-04-13 07:11:28.287000","78","False","False",""
"1","1","Binding the Old Gods","blc","Near Mint","English","","","2024-07-21 08:01:06.780000","248","False","False",""
"1","1","Biomancer's Familiar","rna","Near Mint","English","","","2023-12-31 20:53:28.287000","158","False","False",""
"1","1","Biomass Mutation","c19","Near Mint","English","","","2023-05-24 12:24:47.370000","187","False","False",""
"1","1","Bioshift","gtc","Near Mint","English","","","2024-03-21 12:19:57.187000","214","False","False",""
"1","1","Bird","tblc","Near Mint","English","","","2025-01-26 09:47:31.637000","11","False","False",""
"1","1","Bird","tblc","Near Mint","English","","","2025-01-26 09:47:08.340000","3","False","False",""
"1","1","Bird","tltc","Near Mint","English","","","2025-01-26 09:47:48.267000","6","False","False",""
"1","1","Bird","tlcc","Near Mint","English","","","2025-01-26 09:47:22.460000","2","False","False",""
"1","1","Bird Admirer // Wing Shredder","mid","Near Mint","English","foil","","2024-10-26 08:27:39.810000","169","False","False",""
"3","3","Bird Illusion","trvr","Near Mint","English","","","2025-02-02 15:16:38.257000","5","False","False",""
"2","2","Bird Maiden","5ed","Near Mint","English","","","2023-04-13 08:10:34.510000","211","False","False",""
"1","1","Bird Maiden","4ed","Near Mint","English","","","2023-04-13 08:57:25.553000","177","False","False",""
"5","5","Birds of Paradise","m12","Near Mint","English","","","2024-12-05 14:43:13.527000","165","False","False",""
"1","1","Birds of Paradise","4ed","Near Mint","English","","","2023-01-21 07:58:59.383000","234","False","False",""
"6","6","Birds of Paradise","dmr","Near Mint","English","","","2023-10-21 18:06:07.610000","336","False","True",""
"1","1","Birgi, God of Storytelling // Harnfel, Horn of Bounty","khm","Near Mint","English","","","2023-04-12 13:06:30.557000","123","False","True",""
"1","1","Birgi, God of Storytelling // Harnfel, Horn of Bounty","khm","Near Mint","English","","","2024-12-05 10:59:51.803000","123","False","False",""
"1","1","Birthing Pod","nph","Near Mint","English","","","2024-07-25 08:06:32.950000","104","False","False",""
"1","1","Birthing Ritual","mh3","Near Mint","English","","","2024-07-25 07:42:17.830000","337","False","False",""
"1","1","Bishop of Wings","plst","Near Mint","English","","","2024-10-29 14:52:22.140000","M20-8","False","False",""
"1","1","Bismuth Mindrender","m3c","Near Mint","English","","","2024-06-01 06:30:32.970000","51","False","False",""
"3","3","Bite Down","fdn","Near Mint","English","","","2024-11-11 08:04:59.857000","212","False","False",""
"1","1","Bitter Reunion","otc","Near Mint","English","","","2024-11-29 10:55:13.897000","156","False","False",""
"1","1","Bitter Triumph","lci","Near Mint","English","","","2025-01-17 15:49:17.797000","91","False","False",""
"1","1","Bitterblossom","mor","Near Mint","English","","","2023-06-17 17:00:19.200000","58","False","False",""
"1","1","Bitterblossom","g11","Near Mint","English","foil","","2023-06-17 18:22:33.737000","1","False","True",""
"1","1","Bitterbow Sharpshooters","hou","Near Mint","English","","","2024-04-25 06:31:16.013000","112","False","False",""
"1","1","Bitterthorn, Nissa's Animus","moc","Near Mint","English","","","2023-12-29 10:09:49.557000","45","False","False",""
"1","1","Bituminous Blast","m3c","Near Mint","English","","","2024-06-01 09:29:10.103000","255","False","False",""
